time,jpy,tmp
1499155176,296854.000000000000,0.002245900000
1499155214,297031.500000000000,0.110000000000
1499155259,297031.500000000000,0.113000000000
1499155284,297341.600000000000,0.003310730000
1499155729,296372.600000000000,0.002425660000
1499155791,296300.000000000000,0.001221490000
1499155793,296300.000000000000,0.083778510000
1499155924,296783.000000000000,0.010000000000
1499155934,296783.000000000000,0.010000000000
1499155987,296783.100000000000,0.009265330000
1499155987,296783.000000000000,0.093000000000
1499156404,297253.600000000000,0.093000000000
1499156404,297253.700000000000,0.002102380000
1499156487,297294.400000000000,0.001151060000
1499157006,296842.500000000000,0.001857630000
1499157404,296372.700000000000,0.005133610000
1499157409,294586.100000000000,0.068192130000
1499158734,295036.900000000000,0.007748810000
1499159089,294521.000000000000,0.049100000000
1499159091,294521.000000000000,0.100900000000
1499159518,294596.000000000000,0.150000000000
1499159586,294596.100000000000,0.124900000000
1499159649,294596.200000000000,0.035000000000
1499159706,294596.000000000000,0.009800000000
1499160695,295931.600000000000,0.001560490000
1499160724,294154.200000000000,0.031300000000
1499160724,293543.400000000000,0.330991120000
1499160724,294151.500000000000,0.010708880000
1499160773,293543.500000000000,0.370000000000
1499160827,293543.800000000000,0.370000000000
1499160959,294888.300000000000,0.003509530000
1499161281,294347.700000000000,0.012515740000
1499161281,293546.000000000000,0.468744260000
1499161332,295511.800000000000,0.001634880000
1499161580,295966.200000000000,0.011283340000
1499162108,295507.000000000000,0.010000000000
1499162280,296004.100000000000,0.003932960000
1499163025,296514.100000000000,0.006157930000
1499163026,298755.400000000000,0.006015640000
1499163026,300810.000000000000,0.137826430000
1499163117,300809.200000000000,0.675566360000
1499163252,295267.200000000000,0.012205740000
1499163264,293730.100000000000,0.015300000000
1499163280,293730.100000000000,0.072494260000
1499163342,294514.600000000000,0.007261360000
1499163342,293540.700000000000,0.092738640000
1499163362,293540.800000000000,0.182800000000
1499163366,294515.000000000000,0.010000000000
1499163380,293540.700000000000,1.698000000000
1499163401,293540.700000000000,1.061261360000
1499163406,293540.600000000000,0.000738640000
1499163597,293540.500000000000,5.940000000000
1499163638,293541.000000000000,0.009999990000
1499163646,294821.900000000000,0.003509480000
1499163658,293541.000000000000,0.004000000000
1499163666,293541.000000000000,0.006000000000
1499164103,293540.000000000000,0.090000000000
1499164103,293540.000000000000,0.010000000000
1499164132,293540.000000000000,0.009000000000
1499164153,293540.000000000000,0.001000000000
1499164199,293021.400000000000,0.007884810000
1499164205,293021.000000000000,0.002115190000
1499164227,293000.000000000000,0.010000000000
1499164227,292999.900000000000,0.090000000000
1499164269,292340.200000000000,0.040000000000
1499164269,292999.900000000000,0.060000000000
1499164271,293000.000000000000,0.010000000000
1499164358,292340.200000000000,0.010000000000
1499164366,292340.200000000000,0.100000000000
1499164375,292340.200000000000,0.010000000000
1499164470,292441.300000000000,0.011833200000
1499164483,292441.300000000000,0.065166800000
1499164485,294582.000000000000,0.015400000000
1499164561,292834.900000000000,0.004111100000
1499164677,294582.100000000000,0.099000000000
1499164754,294786.000000000000,0.010000000000
1499165177,294236.200000000000,0.013173090000
1499165184,294236.200000000000,0.033000000000
1499165193,294236.200000000000,0.024826910000
1499165273,293250.000000000000,0.055697810000
1499165275,292667.100000000000,0.095400000000
1499165275,292667.100000000000,0.015300000000
1499165283,293250.000000000000,0.047900130000
1499165291,293250.000000000000,0.495402060000
1499165360,292857.900000000000,0.031000000000
1499165416,294720.300000000000,0.001039960000
1499165466,292735.000000000000,0.008700000000
1499165819,294786.100000000000,0.002950080000
1499166386,295797.500000000000,0.003094150000
1499166894,294123.200000000000,0.002791970000
1499167005,294349.600000000000,0.003261980000
1499167069,294828.600000000000,0.003294640000
1499167348,293801.400000000000,0.002088470000
1499167416,295323.600000000000,0.010436930000
1499167420,295337.400000000000,0.000563070000
1499167442,295337.400000000000,0.000563070000
1499167442,295337.400000000000,0.000436930000
1499167558,294501.100000000000,0.005641980000
1499167786,295071.000000000000,0.012034940000
1499167936,294466.500000000000,0.004157020000
1499168107,292920.200000000000,0.000925100000
1499168107,294060.700000000000,0.003695920000
1499168117,292920.200000000000,0.244000000000
1499168192,295012.200000000000,0.012919670000
1499168230,295588.000000000000,0.010000000000
1499168316,295445.000000000000,0.024040420000
1499168384,295223.000000000000,0.022838400000
1499168398,294639.900000000000,0.001000000000
1499168408,294640.000000000000,0.010000000000
1499168431,294640.000000000000,0.010000000000
1499168458,294640.000000000000,0.010000000000
1499168458,295268.000000000000,0.021696480000
1499168482,294639.900000000000,0.003403410000
1499168489,295350.700000000000,0.002210650000
1499168568,295233.000000000000,0.020611660000
1499168616,294771.200000000000,0.004027110000
1499168618,292606.100000000000,0.265000000000
1499168627,294771.200000000000,0.000972890000
1499168648,295617.700000000000,0.006000000000
1499168748,294208.500000000000,0.003239980000
1499168764,295335.000000000000,0.004503090000
1499168803,292737.000000000000,0.140000000000
1499168810,292736.900000000000,0.180000000000
1499168858,292744.400000000000,0.250119210000
1499168858,293391.200000000000,0.005880790000
1499168867,293391.100000000000,0.006000000000
1499168878,293391.100000000000,0.174000000000
1499168888,292785.600000000000,0.306000000000
1499168896,295028.000000000000,0.005415900000
1499169029,292788.400000000000,0.033800000000
1499169029,292785.700000000000,0.153200000000
1499171017,295797.900000000000,0.014011070000
1499171017,295306.000000000000,0.001288930000
1499171353,295798.000000000000,0.010000000000
1499171353,295798.000000000000,0.010000000000
1499171353,295798.000000000000,0.010000000000
1499171353,295798.000000000000,0.010000000000
1499171353,295798.000000000000,0.010000000000
1499171353,295798.000000000000,0.010000000000
1499171353,295798.000000000000,0.010000000000
1499171353,295798.000000000000,0.010000000000
1499171353,295798.000000000000,0.010000000000
1499171353,295798.000000000000,0.010000000000
1499171353,295798.000000000000,0.010000000000
1499171353,295798.000000000000,0.010000000000
1499171353,295798.000000000000,0.010000000000
1499171353,295798.000000000000,0.010000000000
1499171353,295798.000000000000,0.010000000000
1499171353,295798.000000000000,0.010000000000
1499171353,295798.000000000000,0.010000000000
1499171353,295798.000000000000,0.010000000000
1499171353,295798.000000000000,0.010000000000
1499171360,295798.000000000000,0.150000000000
1499171385,295798.000000000000,7.770600000000
1499171385,295798.100000000000,0.029400000000
1499171385,295798.100000000000,5.594000000000
1499171394,296459.500000000000,0.006758730000
1499171406,297895.500000000000,0.007000000000
1499171412,295798.000000000000,0.524743410000
1499171433,295799.000000000000,1.565000000000
1499171450,295798.000000000000,1.564656590000
1499171510,296021.000000000000,0.015000000000
1499171537,297195.900000000000,0.014739780000
1499171612,294244.100000000000,0.139194300000
1499171612,295430.200000000000,0.010805700000
1499171626,295859.000000000000,0.002000000000
1499171670,294246.200000000000,0.150000000000
1499171702,297204.900000000000,0.001335670000
1499171884,294245.200000000000,0.037262600000
1499171884,295634.800000000000,0.001037400000
1499171924,295780.000000000000,0.018381080000
1499171947,294245.200000000000,0.010900000000
1499172026,296251.700000000000,0.003211970000
1499174414,296789.200000000000,0.012007250000
1499174887,296031.000000000000,0.015200000000
1499175041,295929.800000000000,0.015200000000
1499175522,297395.000000000000,0.049624280000
1499175522,296456.400000000000,0.005683490000
1499175522,295930.000000000000,0.016541420000
1499175564,297395.000000000000,0.013233140000
1499175688,294797.900000000000,4.610000000000
1499175693,296092.000000000000,0.012571480000
1499175765,295271.000000000000,0.005083240000
1499175765,297025.600000000000,0.002728520000
1499175765,294797.100000000000,0.407988240000
1499175765,294829.200000000000,0.653000000000
1499175765,294829.000000000000,0.026200000000
1499175765,294829.000000000000,3.819000000000
1499175805,294797.100000000000,0.980000000000
1499175946,297508.000000000000,0.000872080000
1499175946,296327.400000000000,0.002385010000
1499175946,296043.000000000000,0.011942910000
1499176533,296652.000000000000,0.002364720000
1499177050,296110.100000000000,0.005875200000
1499177050,294360.200000000000,3.494124800000
1499177684,295840.400000000000,0.005568460000
1499177722,295975.000000000000,0.010000000000
1499177736,295975.000000000000,0.001183920000
1499177746,297439.900000000000,0.010000000000
1499177753,297439.800000000000,0.010000000000
1499177774,298643.200000000000,0.003323180000
1499177787,298924.800000000000,0.010000000000
1499177800,298644.200000000000,0.003947910000
1499177800,298644.200000000000,0.006676820000
1499177802,298644.200000000000,0.006052090000
1499178090,296515.000000000000,0.006800000000
1499178090,296514.000000000000,0.010000000000
1499178959,293782.200000000000,2.900000000000
1499179131,295339.000000000000,0.009450880000
1499179402,295264.000000000000,0.006829110000
1499179615,295590.000000000000,0.008636880000
1499179753,295325.000000000000,0.008205040000
1499179838,295163.000000000000,0.007794790000
1499180033,295183.000000000000,0.007405050000
1499180118,295224.000000000000,0.007034800000
1499180337,295556.000000000000,0.006683060000
1499180341,297018.900000000000,0.028000000000
1499180516,295233.000000000000,0.006348900000
1499180516,295233.000000000000,0.006348900000
1499180631,296184.900000000000,0.005714010000
1499180767,295225.000000000000,0.005428310000
1499180858,294334.000000000000,0.005156900000
1499180913,293540.200000000000,0.101572300000
1499180913,293540.400000000000,0.033800000000
1499180913,295405.900000000000,0.020927700000
1499180926,293540.400000000000,0.033800000000
1499180926,293540.200000000000,1.770600000000
1499180941,293540.200000000000,1.068827700000
1499180948,293540.100000000000,0.000172300000
1499181011,295141.700000000000,0.001000000000
1499181148,294208.100000000000,0.001042000000
1499181503,294891.700000000000,0.002643940000
1499181508,294891.700000000000,0.002643940000
1499181533,294891.700000000000,0.001979070000
1499181733,291344.000000000000,0.010635950000
1499181733,292340.200000000000,0.078000000000
1499181733,293562.800000000000,0.014364050000
1499181955,291343.900000000000,4.502000000000
1499181955,291344.000000000000,0.210000000000
1499181955,291344.000000000000,2.533000000000
1499182089,293831.000000000000,0.002432080000
1499182130,291343.800000000000,2.183000000000
1499182131,291343.400000000000,0.473000000000
1499182164,290999.900000000000,0.123282390000
1499182372,290070.900000000000,0.469000000000
1499182372,290577.900000000000,0.010930550000
1499182372,290735.100000000000,0.047400000000
1499182372,290070.700000000000,0.010930550000
1499182372,290070.800000000000,0.083800000000
1499182376,289738.000000000000,0.259908900000
1499184183,292307.900000000000,0.006044250000
1499184280,292307.900000000000,0.068955750000
1499184973,292893.200000000000,0.002161460000
1499185614,292208.200000000000,0.002804840000
1499185680,292208.200000000000,0.004089890000
1499185715,292208.200000000000,0.001362300000
1499185722,291804.000000000000,0.002566050000
1499185758,291804.000000000000,0.090021880000
1499185829,291804.000000000000,0.221412070000
1499185949,291130.400000000000,0.002752930000
1499185988,291130.400000000000,0.079247070000
1499188789,292208.200000000000,0.114742970000
1499188789,292181.300000000000,0.002688120000
1499189252,289631.100000000000,0.078640620000
1499189252,290507.900000000000,0.004359380000
1499189423,289633.100000000000,0.150000000000
1499189487,289636.100000000000,0.150000000000
1499191170,292422.400000000000,0.001544210000
1499191738,290999.900000000000,0.116811940000
1499191806,291101.000000000000,2.252010000000
1499191901,291722.300000000000,0.011117840000
1499192053,292407.500000000000,0.005744760000
1499193014,293105.800000000000,0.008552950000
1499193949,291014.600000000000,0.056802820000
1499193960,291014.600000000000,0.043197180000
1499194292,292871.400000000000,0.002895390000
1499194801,291014.600000000000,0.012234240000
1499194801,291014.600000000000,0.043995000000
1499194801,292291.300000000000,0.014977410000
1499194801,291014.600000000000,0.028793350000
1499198048,290428.600000000000,0.009051730000
1499198073,290373.800000000000,0.040948270000
1499198254,290932.800000000000,0.008563960000
1499198419,290450.000000000000,5.000000000000
1499200403,290970.600000000000,0.002629280000
1499200785,291450.500000000000,0.004362070000
1499202114,290451.100000000000,0.027758970000
1499203077,292050.500000000000,0.002984160000
1499206177,292364.900000000000,0.003122360000
1499209742,295167.300000000000,0.020000000000
1499210423,295167.300000000000,0.130000000000
1499212560,295167.300000000000,0.140187560000
1499212560,295167.200000000000,0.036812440000
1499214201,295164.500000000000,0.120000000000
1499214210,293396.000000000000,0.100000000000
1499214235,295164.500000000000,0.021253720000
1499214238,295164.500000000000,0.228746280000
1499214241,295164.400000000000,0.000172000000
1499214246,295167.300000000000,0.230000000000
1499214324,295164.100000000000,0.054156300000
1499214324,295164.100000000000,0.045843700000
1499214719,292130.100000000000,0.097380140000
1499214719,293322.100000000000,0.002619860000
1499214823,292578.800000000000,0.009320970000
1499214827,295162.200000000000,0.367000000000
1499214862,295162.700000000000,0.500000000000
1499214938,292130.100000000000,0.129600000000
1499214959,294300.900000000000,0.022988640000
1499214966,292321.300000000000,0.003720890000
1499214977,292321.300000000000,0.073290470000
1499215000,292131.100000000000,0.036300000000
1499215058,292132.000000000000,0.010100000000
1499215149,292136.100000000000,0.095923650000
1499215149,293457.300000000000,0.004076350000
1499215167,292136.100000000000,0.150000000000
1499215357,292144.100000000000,0.150000000000
1499215417,292146.000000000000,0.100000000000
1499215423,292146.000000000000,0.050000000000
1499215619,292130.000000000000,0.048000000000
1499215641,292000.000000000000,0.500000000000
1499215641,292034.400000000000,0.024688840000
1499215641,292130.000000000000,0.307531980000
1499215641,292130.000000000000,0.120000000000
1499215812,291352.600000000000,0.003800000000
1499215897,291354.100000000000,0.150000000000
1499216004,292611.000000000000,0.150000000000
1499216004,293297.800000000000,0.850000000000
1499216092,294329.200000000000,0.310000000000
1499216508,293117.400000000000,0.004803520000
1499217054,290960.600000000000,0.095196480000
1499217118,292047.000000000000,0.002455690000
1499217158,290446.800000000000,0.097544310000
1499218420,291487.300000000000,0.003059640000
1499218548,292007.200000000000,0.003674550000
1499219225,289994.500000000000,0.098124070000
1499219225,291537.800000000000,0.001875930000
1499219255,289994.600000000000,0.103200000000
1499219407,290000.000000000000,0.028900000000
1499219449,290000.000000000000,0.008100000000
1499219494,290002.000000000000,0.094400000000
1499219494,290000.000000000000,2.915600000000
1499219494,290001.000000000000,3.908000000000
1499219502,290000.000000000000,0.100000000000
1499219518,290000.000000000000,2.451000000000
1499219534,290000.000000000000,0.013200000000
1499219534,290000.000000000000,1.343200000000
1499219534,290000.000000000000,0.074300000000
1499219544,289596.000000000000,0.005000000000
1499219663,289598.200000000000,0.033200000000
1499220566,289596.100000000000,0.115000000000
1499222729,289943.200000000000,0.006939930000
1499224182,289599.000000000000,0.058600000000
1499224190,289599.000000000000,0.009985900000
1499224197,289599.000000000000,0.081414100000
1499224416,293535.100000000000,0.015914190000
1499224416,290576.400000000000,0.001085810000
1499225429,293144.500000000000,0.001000000000
1499225482,293144.500000000000,0.006126190000
1499225735,293533.300000000000,0.019127350000
1499225735,293144.500000000000,0.000873820000
1499225735,293937.600000000000,0.619587260000
1499225735,293937.600000000000,0.063973240000
1499225735,293937.500000000000,0.296438330000
1499225848,293400.200000000000,0.006034600000
1499226055,292986.600000000000,0.002904800000
1499226167,292592.400000000000,0.001867940000
1499226594,291146.100000000000,0.004059550000
1499227427,290000.000000000000,0.001345030000
1499227519,289611.000000000000,0.148654970000
1499228174,289606.000000000000,0.020048040000
1499228191,289606.000000000000,0.008862000000
1499228218,289606.000000000000,0.021089960000
1499228354,289596.000000000000,0.078500000000
1499228663,289596.000000000000,0.010000000000
1499228692,289596.000000000000,0.000561820000
1499228794,288777.000000000000,0.054575620000
1499228794,288777.000000000000,0.095424380000
1499228797,288777.000000000000,0.099000000000
1499228814,288600.000000000000,0.010000000000
1499228824,288600.000000000000,0.180000000000
1499228843,288600.000000000000,0.150000000000
1499228847,288600.000000000000,0.010000000000
1499228875,288600.000000000000,0.010000000000
1499228899,288600.000000000000,0.150000000000
1499228912,288600.000000000000,0.010000000000
1499228962,288600.000000000000,0.010000000000
1499228962,288600.000000000000,0.125800000000
1499228994,288600.000000000000,0.010000000000
1499229025,288600.000000000000,0.035200000000
1499229025,288600.000000000000,0.010000000000
1499229052,288600.000000000000,0.010000000000
1499229084,288600.000000000000,0.009900000000
1499229086,288600.000000000000,0.010000000000
1499229116,288600.000000000000,0.010000000000
1499229143,288600.000000000000,0.010000000000
1499229174,288600.000000000000,0.010000000000
1499229496,289596.000000000000,0.009438180000
1499229539,289596.000000000000,0.010000000000
1499229562,289596.000000000000,0.219700000000
1499229562,289596.000000000000,0.480561820000
1499229715,289168.300000000000,0.006372440000
1499229836,288769.400000000000,0.001717880000
1499230035,288769.000000000000,0.004067470000
1499230108,288600.000000000000,0.010000000000
1499230140,288600.000000000000,0.010000000000
1499230165,288600.000000000000,0.010000000000
1499230615,288600.000000000000,0.022588840000
1499230624,288769.000000000000,0.004214650000
1499230889,288378.500000000000,0.012263660000
1499230896,288378.500000000000,0.009245640000
1499230899,288378.500000000000,0.010000000000
1499230911,288378.500000000000,0.002685110000
1499230911,288378.500000000000,0.012995000000
1499230961,286590.100000000000,0.025041930000
1499231035,287987.700000000000,0.002287140000
1499231162,288618.300000000000,0.009598430000
1499232210,288198.400000000000,0.010000000000
1499232362,289168.000000000000,0.003627560000
1499232839,288791.000000000000,0.005564870000
1499232871,288198.400000000000,0.001721300000
1499232877,287836.100000000000,0.494835130000
1499232877,287836.100000000000,0.015600000000
1499232935,289267.700000000000,0.005808100000
1499233112,288638.600000000000,0.001427140000
1499233158,289596.000000000000,0.010000000000
1499233329,288778.500000000000,0.004000010000
1499233337,289604.800000000000,0.003453480000
1499233360,288666.200000000000,0.260000010000
1499233360,288828.500000000000,0.000999990000
1499233382,288666.200000000000,0.140000000000
1499233382,288666.200000000000,0.023846550000
1499233391,289558.800000000000,0.140000000000
1499233404,288716.200000000000,0.100000000000
1499233411,288716.200000000000,0.020000000000
1499233416,289592.600000000000,0.110000000000
1499233439,288666.200000000000,0.030153450000
1499233450,288666.200000000000,0.020700000000
1499233463,288561.000000000000,0.089146550000
1499233539,289506.900000000000,0.001865840000
1499233812,289905.900000000000,0.004352550000
1499235753,291708.500000000000,0.030806620000
1499235753,291146.000000000000,0.005940450000
1499235753,291000.000000000000,0.050000000000
1499235753,291820.000000000000,0.010000000000
1499235753,291820.000000000000,0.010000000000
1499235753,291715.400000000000,0.003308440000
1499235753,291820.000000000000,0.010000000000
1499235753,291820.000000000000,0.010000000000
1499235755,293799.400000000000,0.144944490000
1499235998,291273.900000000000,0.004983020000
1499236600,290821.500000000000,0.006537550000
1499236609,290572.000000000000,0.042200000000
1499236627,290572.000000000000,0.051262450000
1499237590,290954.800000000000,0.005299460000
1499238921,290472.500000000000,0.002687650000
1499239242,289853.200000000000,0.004389950000
1499239347,288716.200000000000,0.050000000000
1499239357,289963.300000000000,0.026589570000
1499239466,288716.200000000000,0.040000000000
1499239484,288466.000000000000,0.009999990000
1499240964,288466.000000000000,0.346138670000
1499240968,288466.000000000000,0.240000000000
1499240969,288466.000000000000,0.510000000000
1499240973,288466.000000000000,0.510000000000
1499240974,288466.000000000000,0.036331600000
1499240977,288466.000000000000,1.010000000000
1499240981,288466.000000000000,0.034273160000
1499240990,288466.000000000000,0.230000000000
1499240994,288466.000000000000,0.170000000000
1499240996,288466.000000000000,0.012999990000
1499241001,288466.000000000000,2.248409800000
1499241001,288465.900000000000,0.051590200000
1499241005,288466.000000000000,0.290000000000
1499241005,288466.000000000000,0.100729130000
1499241012,288466.000000000000,0.510000000000
1499241015,288466.000000000000,0.510000000000
1499241015,288466.000000000000,0.605798450000
1499241015,288466.000000000000,0.510000000000
1499241015,288466.000000000000,0.300000000000
1499241019,288466.000000000000,0.037504110000
1499241019,288466.000000000000,0.270000000000
1499241019,288466.000000000000,0.280000000000
1499241019,288466.000000000000,0.300000000000
1499241022,288466.000000000000,0.420000000000
1499241025,288466.000000000000,0.061242130000
1499241034,288466.000000000000,0.006024810000
1499241048,288466.000000000000,2.300000000000
1499241048,288466.000000000000,0.006022120000
1499241056,288466.000000000000,0.009325290000
1499241067,288466.000000000000,0.009325290000
1499241129,288466.000000000000,0.400000000000
1499242716,288008.400000000000,0.004642740000
1499242846,287715.200000000000,0.002102680000
1499242927,287715.200000000000,0.000897320000
1499243041,288008.400000000000,0.000357260000
1499243041,288056.500000000000,0.003563870000
1499243113,288466.000000000000,0.125000000000
1499243187,288111.700000000000,0.005311580000
1499243275,288301.100000000000,0.150000000000
1499243367,288301.100000000000,0.100000000000
1499243373,288301.100000000000,0.100000000000
1499243377,288301.100000000000,0.290000000000
1499243575,288466.000000000000,7.149895450000
1499243586,288466.000000000000,4.935000000000
1499244350,288846.500000000000,0.024248220000
1499244499,290095.500000000000,0.003120840000
1499244740,290578.000000000000,0.004232690000
1499247979,290186.000000000000,0.014448520000
1499247979,287573.600000000000,0.091341480000
1499248104,290975.900000000000,0.005593840000
1499248341,291062.700000000000,0.003087040000
1499249469,291273.900000000000,0.174000000000
1499249469,291062.900000000000,0.099000000000
1499254093,291273.900000000000,0.016617570000
1499254269,291273.900000000000,0.020000000000
1499254314,291273.800000000000,0.049009780000
1499254314,291273.900000000000,0.051399410000
1499254320,292051.800000000000,0.001122780000
1499254363,293971.300000000000,0.001590810000
1499255053,292947.900000000000,0.003006760000
1499257843,292546.000000000000,1.835000000000
1499258109,292545.900000000000,0.006015640000
1499258109,292546.000000000000,0.938797590000
1499258109,292545.900000000000,0.055186770000
1499259894,291041.300000000000,0.001691680000
1499260444,290790.900000000000,0.021097520000
1499261021,290791.000000000000,0.028308320000
1499261310,292546.000000000000,0.199000000000
1499261341,292546.000000000000,0.330000000000
1499261569,293371.300000000000,0.071091430000
1499261569,293070.700000000000,0.001285180000
1499261849,293371.300000000000,0.027908570000
1499261849,293431.600000000000,0.099000000000
1499261905,293856.000000000000,0.000091430000
1499263679,293463.100000000000,0.021426350000
1499263748,293784.000000000000,0.121243790000
1499263748,293783.900000000000,0.081182560000
1499263748,293400.000000000000,0.000573650000
1499263791,293784.000000000000,0.704751670000
1499263791,293784.000000000000,0.086805420000
1499263798,293784.000000000000,0.176593060000
1499263798,293784.000000000000,1.930000000000
1499263830,293784.000000000000,0.169075180000
1499263830,293783.800000000000,0.076067440000
1499263890,292274.100000000000,0.001883520000
1499264857,291816.500000000000,0.002841400000
1499265015,291320.200000000000,0.002097410000
1499265086,289649.700000000000,0.010000000000
1499265178,289791.100000000000,0.001796410000
1499265178,289649.400000000000,0.006044260000
1499265178,288982.500000000000,0.002159330000
1499265570,290500.000000000000,0.002116460000
1499265799,291320.200000000000,0.096902590000
1499266090,291816.500000000000,0.141158600000
1499266090,291753.800000000000,0.003342670000
1499266106,291816.500000000000,0.001498730000
1499266119,291816.500000000000,0.098501270000
1499266119,292274.100000000000,0.098116480000
1499266158,292274.200000000000,0.001382250000
1499266164,292274.200000000000,0.010000000000
1499266297,291819.600000000000,0.004210980000
1499266328,291819.600000000000,0.095789020000
1499266376,290926.000000000000,0.010000000000
1499266413,292274.200000000000,0.063000000000
1499266413,292274.100000000000,0.030000000000
1499266424,292274.200000000000,0.029617750000
1499266523,292373.000000000000,0.114000000000
1499266843,291947.100000000000,0.150000000000
1499266876,291947.000000000000,0.012893540000
1499266876,291947.100000000000,0.191100000000
1499267170,292374.000000000000,0.010000000000
1499267526,291989.800000000000,0.012652520000
1499267625,290050.300000000000,0.000200000000
1499267901,291021.300000000000,0.001593540000
1499267991,291273.600000000000,0.003190490000
1499268032,291273.500000000000,0.006015640000
1499269414,291633.000000000000,0.005058850000
1499269816,292010.100000000000,0.007141150000
1499270457,292464.700000000000,0.005317060000
1499270861,292883.100000000000,0.009044020000
1499270871,293234.300000000000,0.099000000000
1499271131,292394.000000000000,0.003288970000
1499271279,293855.000000000000,0.010000000000
1499271279,293616.700000000000,0.007500210000
1499271279,295082.900000000000,0.011499790000
1499271279,294000.000000000000,0.001000000000
1499271691,292393.100000000000,0.009345610000
1499271691,292654.100000000000,0.002194300000
1499271828,292384.000000000000,0.002184300000
1499273859,293322.500000000000,0.003108830000
1499275694,292958.700000000000,0.003735000000
1499276737,292958.700000000000,0.095265000000
1499276997,293337.900000000000,0.004235560000
1499277394,292910.400000000000,0.005439940000
1499278085,293253.700000000000,0.008698590000
1499278352,295090.000000000000,0.824180000000
1499278352,294286.100000000000,0.002624190000
1499278389,295167.200000000000,0.196530280000
1499278495,294970.700000000000,0.004725020000
1499278618,294682.100000000000,0.001992070000
1499278636,294682.100000000000,0.097007930000
1499278701,294509.800000000000,0.007451960000
1499278733,294509.800000000000,0.092548040000
1499278984,294500.000000000000,0.002844750000
1499278991,294500.000000000000,0.005155250000
1499279415,292977.900000000000,0.001281980000
1499279451,292977.900000000000,0.000100970000
1499279500,294500.000000000000,0.142844750000
1499279600,295049.500000000000,0.143000000000
1499279600,294837.500000000000,0.009421740000
1499279600,295167.200000000000,0.196530280000
1499279752,295167.200000000000,0.196530280000
1499279752,295167.200000000000,0.143000000000
1499279815,293054.000000000000,0.098115940000
1499279863,295167.200000000000,0.196530280000
1499279885,295167.200000000000,0.196530280000
1499279928,292803.000000000000,0.411240380000
1499279928,292830.000000000000,0.332965510000
1499279936,295167.200000000000,0.171827410000
1499279936,292830.600000000000,0.210000000000
1499279936,292803.000000000000,0.098172590000
1499279952,292830.500000000000,0.007900000000
1499279962,292829.800000000000,0.100000000000
1499279968,292830.500000000000,0.070000000000
1499279974,292830.500000000000,0.004100000000
1499279979,292829.900000000000,0.223000000000
1499279979,292829.900000000000,0.200000000000
1499279984,292830.500000000000,0.002800000000
1499279990,292830.500000000000,0.007720830000
1499279990,292830.500000000000,0.070000000000
1499280003,292829.900000000000,0.153400000000
1499280003,292829.900000000000,0.036600000000
1499280019,292830.500000000000,0.008000000000
1499280025,292830.600000000000,0.118000000000
1499280029,295167.200000000000,0.196530280000
1499280036,292830.600000000000,0.034967130000
1499280036,292880.500000000000,0.008000000000
1499280036,293632.200000000000,0.004502760000
1499280040,292830.600000000000,0.355704400000
1499280053,292830.700000000000,0.053486940000
1499280053,292937.000000000000,0.149513060000
1499280058,292930.500000000000,0.008000000000
1499280059,292880.600000000000,0.196530280000
1499280059,292880.600000000000,0.262000000000
1499280064,292880.600000000000,0.210000000000
1499280064,292880.600000000000,0.024623860000
1499280068,292880.600000000000,0.100000000000
1499280133,292882.200000000000,0.086813810000
1499280169,292882.300000000000,0.199774080000
1499280280,292883.100000000000,0.108473340000
1499280295,292883.100000000000,0.091526660000
1499280426,294096.500000000000,0.300000000000
1499280426,294096.600000000000,0.003222130000
1499280474,293781.400000000000,0.001036210000
1499280474,295166.900000000000,0.196530280000
1499280553,295167.200000000000,0.196530280000
1499280559,292940.000000000000,0.300000000000
1499280600,295167.200000000000,0.196530280000
1499280630,293948.800000000000,0.170000000000
1499280648,293948.800000000000,0.060920560000
1499280776,295167.200000000000,0.110000000000
1499280872,295167.200000000000,0.196530280000
1499281062,295167.200000000000,0.196530280000
1499281125,295167.200000000000,0.196530280000
1499281307,295167.300000000000,0.088440080000
1499281317,295167.300000000000,0.170000000000
1499281558,295167.200000000000,0.196530280000
1499281635,295167.300000000000,0.082331850000
1499281860,295167.300000000000,0.120000000000
1499283900,295167.300000000000,0.019040510000
1499283900,295580.700000000000,0.015419370000
1499283970,295547.700000000000,0.001623550000
1499284334,295899.000000000000,0.023304730000
1499286735,298282.200000000000,0.061306430000
1499286735,298282.300000000000,0.123493570000
1499286735,297411.000000000000,0.025200000000
1499287152,296345.400000000000,0.002164350000
1499287289,298999.800000000000,0.775316030000
1499287476,297531.700000000000,0.002925100000
1499287553,297016.100000000000,0.001369420000
1499287788,297016.100000000000,0.000495000000
1499288212,296473.000000000000,0.001912760000
1499289265,296019.800000000000,0.085270380000
1499289293,296005.400000000000,0.002087580000
1499289572,295099.500000000000,0.002140860000
1499289708,294511.200000000000,0.002957880000
1499289713,294511.200000000000,0.002853430000
1499289717,294511.200000000000,0.094188690000
1499292045,295099.500000000000,0.097859140000
1499292129,296005.400000000000,0.097912420000
1499292129,295473.600000000000,0.002531580000
1499292129,296472.900000000000,0.042885090000
1499292129,296473.000000000000,0.007941290000
1499292129,296019.800000000000,0.013729620000
1499292227,296473.000000000000,0.008010690000
1499292231,296472.900000000000,0.016005360000
1499292486,295978.200000000000,0.003926570000
1499292601,295699.700000000000,0.001903080000
1499293008,294233.200000000000,0.015300000000
1499293022,294233.200000000000,0.015300000000
1499293036,294233.200000000000,0.015300000000
1499293050,294233.200000000000,0.015300000000
1499293059,294233.200000000000,0.036896920000
1499293221,294871.700000000000,0.002158730000
1499293356,295231.700000000000,0.003030820000
1499293563,295722.000000000000,0.001271570000
1499294068,295381.400000000000,0.003323030000
1499294090,295381.400000000000,0.096676970000
1499294341,295041.900000000000,0.002330720000
1499294426,295014.300000000000,0.002520450000
1499294962,295041.900000000000,0.097669280000
1499294962,295014.300000000000,0.097479550000
1499296214,293512.000000000000,0.200500000000
1499296214,293513.000000000000,3.850000000000
1499296214,293511.100000000000,1.543000000000
1499296214,293510.100000000000,1.543000000000
1499296219,293510.000000000000,1.543000000000
1499296469,294139.700000000000,0.001314250000
1499296486,294691.900000000000,0.186000000000
1499296533,294612.800000000000,0.004047540000
1499297363,294225.200000000000,0.001308410000
1499297391,294225.200000000000,0.097691590000
1499297699,293773.700000000000,0.003134170000
1499297741,293773.700000000000,0.096865830000
1499297750,293144.000000000000,0.098177200000
1499297750,293882.900000000000,0.001822800000
1499297788,294125.800000000000,0.103730200000
1499297788,294125.800000000000,0.103730200000
1499297816,294125.800000000000,0.038539600000
1499297847,294141.700000000000,0.100000000000
1499297848,294141.700000000000,0.133000000000
1499297894,294141.700000000000,0.100000000000
1499297894,293614.800000000000,0.002769330000
1499298135,293270.800000000000,0.002388030000
1499298161,293150.100000000000,0.134000000000
1499298188,293270.800000000000,0.097611970000
1499298191,293559.600000000000,0.000388030000
1499298191,293150.100000000000,0.164611970000
1499298248,293151.000000000000,0.100000000000
1499298402,293657.200000000000,0.005312640000
1499298706,293187.700000000000,0.100000000000
1499298764,293292.100000000000,0.008107640000
1499298789,293193.000000000000,0.164000000000
1499298819,293192.100000000000,0.163000000000
1499298888,293192.200000000000,0.012381390000
1499298916,293192.200000000000,0.011717470000
1499298982,293192.200000000000,0.015400000000
1499299458,293192.200000000000,0.059501140000
1499299599,293204.000000000000,0.150000000000
1499299652,293208.000000000000,0.150000000000
1499299656,293292.100000000000,0.071525380000
1499299703,293292.100000000000,0.061511830000
1499299711,293214.100000000000,0.150000000000
1499300639,293292.100000000000,0.005173740000
1499300644,293292.100000000000,0.052900190000
1499300651,293292.100000000000,0.007781220000
1499300662,293292.200000000000,0.043680460000
1499300667,293292.200000000000,0.043680460000
1499301170,293292.200000000000,0.013639080000
1499301269,294164.700000000000,0.153000000000
1499301697,293761.100000000000,0.150000000000
1499301714,293835.500000000000,0.009080470000
1499301714,293761.100000000000,0.000919530000
1499301839,293764.000000000000,0.010000000000
1499301845,293764.000000000000,0.031445960000
1499301852,293764.000000000000,0.030045960000
1499301914,293767.100000000000,0.010000000000
1499301917,294143.300000000000,0.005282040000
1499301938,293769.000000000000,0.150000000000
1499301954,293769.100000000000,0.741000000000
1499301994,293772.100000000000,0.150000000000
1499302168,293777.000000000000,0.150000000000
1499303474,294746.800000000000,0.004850180000
1499303652,294175.200000000000,0.006156990000
1499303652,293507.000000000000,3.838000000000
1499303662,293506.900000000000,0.000843010000
1499303696,294746.800000000000,0.000173000000
1499303719,293506.100000000000,0.065000000000
1499303951,293017.100000000000,0.043400000000
1499304727,295000.000000000000,0.072535210000
1499304727,294746.800000000000,0.093976820000
1499304727,294999.900000000000,0.065588920000
1499304727,294932.000000000000,0.090899050000
1499305339,293017.000000000000,0.094641510000
1499305339,294612.100000000000,0.005358490000
1499306249,293764.000000000000,0.002219230000
1499311813,295000.000000000000,0.798979650000
1499311813,294285.500000000000,0.001020350000
1499312668,294999.900000000000,0.076000000000
1499317532,295000.000000000000,0.052400990000
1499317596,295000.000000000000,1.076084150000
1499317636,295000.000000000000,0.150000000000
1499317654,295000.000000000000,0.063100000000
1499317654,295000.000000000000,2.773915850000
1499317657,293824.600000000000,0.003906540000
1499318223,293696.800000000000,0.096093460000
1499318614,293824.600000000000,0.093906540000
1499318614,293015.000000000000,0.253522950000
1499318614,293432.200000000000,0.002570510000
1499320337,293249.400000000000,0.006098650000
1499325013,293506.300000000000,0.001212820000
1499325759,295384.700000000000,0.001844080000
1499325880,293500.000000000000,0.080212820000
1499325880,293506.300000000000,0.080787180000
1499325887,293500.000000000000,0.150000000000
1499325894,293500.000000000000,0.063688530000
1499325925,293271.700000000000,0.002739630000
1499325925,293016.100000000000,0.097260370000
1499325928,293016.100000000000,0.150000000000
1499325928,293016.100000000000,0.160000000000
1499325936,293016.100000000000,0.113000000000
1499325968,293014.200000000000,0.160000000000
1499325968,293014.200000000000,0.161000000000
1499325989,293015.000000000000,0.178273220000
1499325989,293015.000000000000,1.366761310000
1499326004,293014.200000000000,0.109900000000
1499326004,293015.000000000000,0.050100000000
1499326017,293014.200000000000,0.024057830000
1499326021,293014.200000000000,0.141590000000
1499326030,293014.200000000000,0.308352170000
1499326030,292939.100000000000,0.275390930000
1499326030,293014.200000000000,0.150000000000
1499326030,293014.100000000000,0.828850000000
1499326030,293014.200000000000,0.034900000000
1499326045,293014.200000000000,0.079412170000
1499326045,293014.200000000000,0.002587830000
1499326064,292939.200000000000,0.004868690000
1499326069,292939.200000000000,0.136839000000
1499326074,292939.100000000000,0.526707690000
1499326074,292939.200000000000,0.487292310000
1499326079,292939.100000000000,0.184890540000
1499326084,292939.100000000000,0.301410840000
1499326098,292387.100000000000,0.002747750000
1499326107,292387.100000000000,0.988918520000
1499326141,292387.200000000000,0.267473620000
1499326188,292387.200000000000,0.437000000000
1499326188,292387.200000000000,0.362526380000
1499326195,292387.200000000000,0.189392140000
1499326214,292939.000000000000,0.003332240000
1499326246,292939.000000000000,0.014726070000
1499326251,292939.000000000000,0.003332240000
1499326260,292939.000000000000,0.003332240000
1499326269,292939.000000000000,0.003332240000
1499326279,292939.100000000000,0.003332240000
1499326324,292940.000000000000,0.002296300000
1499326350,292939.100000000000,0.012563230000
1499326360,292939.200000000000,0.002610090000
1499326376,292947.000000000000,0.002507090000
1499326418,292947.100000000000,0.011419520000
1499326425,292947.100000000000,0.001000000000
1499326789,292950.100000000000,0.004192340000
1499326947,292951.100000000000,0.001678130000
1499327295,293443.900000000000,0.002487760000
1499329237,293678.700000000000,0.007199080000
1499329587,293975.400000000000,0.036311470000
1499329763,293975.500000000000,0.006015640000
1499329887,293975.400000000000,0.150000000000
1499330062,294445.900000000000,0.100000000000
1499330091,294448.000000000000,0.150000000000
1499330272,294448.000000000000,0.150000000000
1499330303,294445.900000000000,10.000000000000
1499330641,294681.500000000000,0.008830240000
1499330664,295978.100000000000,0.083964590000
1499330664,295903.000000000000,0.086354100000
1499331402,294593.400000000000,0.001886770000
1499331606,294189.600000000000,0.006798730000
1499331665,293414.100000000000,0.281000000000
1499331665,293412.100000000000,0.203120460000
1499331735,294997.000000000000,0.009835950000
1499331741,294997.000000000000,0.015318910000
1499331741,294997.000000000000,1.397806400000
1499331763,294997.000000000000,0.015314630000
1499331763,294997.000000000000,0.603464200000
1499331768,294997.000000000000,0.015314630000
1499331768,294997.000000000000,0.015314630000
1499331773,294997.000000000000,0.150000000000
1499331777,294997.000000000000,0.004735800000
1499331800,294997.000000000000,0.106192020000
1499331808,294997.000000000000,0.326447450000
1499331808,294997.000000000000,0.027100000000
1499331820,294997.000000000000,0.150000000000
1499331824,294997.000000000000,0.160000000000
1499331846,294997.000000000000,0.160000000000
1499331854,294997.000000000000,0.100000000000
1499331898,294997.000000000000,0.160000000000
1499331905,294997.000000000000,0.163005000000
1499331905,294997.000000000000,0.111619000000
1499332005,294997.000000000000,0.150000000000
1499332081,294997.000000000000,0.068300000000
1499332270,294527.700000000000,0.006526890000
1499332351,294609.800000000000,0.003075610000
1499332411,292939.100000000000,0.082000000000
1499332411,292950.200000000000,0.009703320000
1499332935,292387.100000000000,0.019100000000
1499333212,292387.100000000000,0.100000000000
1499333849,293136.300000000000,0.001642070000
1499333978,293139.000000000000,3.466500000000
1499333978,293140.000000000000,0.029500000000
1499333978,293140.000000000000,3.866000000000
1499334022,293140.000000000000,2.119000000000
1499334049,293139.000000000000,4.531857930000
1499334329,293423.400000000000,0.004866320000
1499334381,294454.000000000000,0.082036400000
1499334395,295619.300000000000,0.042097280000
1499336313,294988.400000000000,0.002545790000
1499336362,294738.000000000000,0.002639480000
1499336416,294738.000000000000,0.003133660000
1499336439,294655.400000000000,0.001515310000
1499337523,291149.000000000000,0.158073410000
1499337523,292384.000000000000,0.011492860000
1499337523,292387.100000000000,0.314433730000
1499337523,292387.700000000000,0.219000000000
1499337799,294404.800000000000,0.076377160000
1499340100,294405.000000000000,0.048484690000
1499340100,294820.000000000000,0.077934580000
1499340100,294748.200000000000,0.005364540000
1499340100,294738.000000000000,0.041681070000
1499340100,294404.900000000000,0.098416140000
1499340103,295117.200000000000,0.128118980000
1499340237,294605.200000000000,0.001548680000
1499340396,294109.500000000000,0.003421850000
1499340416,293859.900000000000,0.001882430000
1499342698,293577.000000000000,0.001219960000
1499342698,291366.300000000000,0.207000000000
1499342698,291366.300000000000,0.030780040000
1499342744,291368.000000000000,0.236996410000
1499342744,293232.900000000000,0.003003590000
1499343590,293549.800000000000,0.001152500000
1499344218,293860.000000000000,0.046578150000
1499350748,293600.200000000000,0.002052070000
1499353031,294354.800000000000,0.008069640000
1499353249,293700.000000000000,0.003255700000
1499353249,293700.000000000000,0.296744300000
1499353249,294074.000000000000,0.003255700000
1499353452,293404.700000000000,0.004629750000
1499353543,293403.000000000000,0.002707760000
1499354359,293117.500000000000,0.002619230000
1499355134,293393.800000000000,0.006000000000
1499355311,293514.400000000000,0.217406790000
1499356050,293806.500000000000,0.006127890000
1499356933,292000.000000000000,0.200000000000
1499357264,292323.500000000000,0.001059140000
1499358111,292942.900000000000,0.001313190000
1499359907,292000.000000000000,0.000956470000
1499359907,292658.500000000000,0.009043530000
1499359932,293832.100000000000,0.001225410000
1499360064,293797.600000000000,0.004577480000
1499361184,294099.100000000000,0.003018240000
1499363724,294355.000000000000,0.048451320000
1499363724,294354.900000000000,0.092958600000
1499376589,295977.900000000000,0.004872350000
1499378056,295875.600000000000,0.044135060000
1499378056,295828.400000000000,0.229601490000
1499378056,295875.700000000000,0.084884560000
1499396175,294696.900000000000,0.001055850000
1499396255,293220.700000000000,0.098944150000
1499396603,294747.700000000000,0.498544530000
1499396603,294393.600000000000,0.001455470000
1499397299,295386.300000000000,0.047694500000
1499397299,295239.000000000000,0.002305500000
1499397322,294502.200000000000,0.002744170000
1499397336,292936.100000000000,0.097255830000
1499399280,292000.000000000000,0.041315440000
1499399280,292686.900000000000,0.008684560000
1499399403,290659.200000000000,0.240000000000
1499399403,292000.000000000000,0.007728090000
1499399403,292234.700000000000,0.002073240000
1499399403,290051.000000000000,0.557328670000
1499399403,290659.100000000000,0.210000000000
1499399506,292369.800000000000,0.003790860000
1499401121,291002.000000000000,2.412000670000
1499401121,291956.400000000000,0.031100000000
1499401121,291965.100000000000,0.086100000000
1499401121,292136.100000000000,0.009419040000
1499401207,292603.700000000000,0.004962060000
1499401587,293197.900000000000,0.003702720000
1499402436,293508.100000000000,0.001442540000
1499407680,293273.500000000000,0.005049060000
1499408268,293000.000000000000,0.017064840000
1499409575,293000.000000000000,0.013179970000
1499409759,292999.900000000000,0.001000000000
1499409968,292765.800000000000,0.010312410000
1499409968,292079.000000000000,0.001000000000
1499409968,292181.000000000000,0.001000000000
1499409968,292000.000000000000,5.621687590000
1499409985,292000.000000000000,0.009000000000
1499409985,292000.000000000000,1.028312410000
1499409985,292000.000000000000,0.150000000000
1499410823,292233.600000000000,0.002396540000
1499411377,292000.000000000000,0.001000000000
1499412058,291001.100000000000,0.150000000000
1499412119,291001.000000000000,0.053900000000
1499412159,291001.000000000000,0.050000000000
1499412165,291001.000000000000,0.500000000000
1499412178,291001.000000000000,0.015100000000
1499412214,291000.100000000000,0.050000000000
1499412242,291001.000000000000,0.050000000000
1499412325,291000.100000000000,0.100000000000
1499412325,291000.000000000000,1.203000000000
1499412354,292999.200000000000,0.007647680000
1499412397,292999.000000000000,0.007645530000
1499412554,292998.900000000000,0.002632530000
1499412676,292348.100000000000,0.002317050000
1499412706,292098.000000000000,0.002227260000
1499412766,291848.000000000000,0.050000000000
1499413037,292098.000000000000,0.008393840000
1499413063,292098.000000000000,0.008393840000
1499413087,291848.000000000000,0.008396330000
1499413106,291848.000000000000,0.008393980000
1499413119,291848.000000000000,0.001010800000
1499413180,291848.000000000000,0.003732360000
1499413180,291848.000000000000,0.003736100000
1499413184,291848.000000000000,0.003736100000
1499413193,291848.000000000000,0.004442770000
1499413234,291088.000000000000,0.001000000000
1499413234,291088.100000000000,0.033745100000
1499413234,291000.200000000000,0.013409610000
1499413234,291002.700000000000,0.001845290000
1499413335,291848.000000000000,0.007163880000
1499413389,291400.700000000000,0.013022090000
1499413403,291151.000000000000,0.006668410000
1499413419,291151.000000000000,0.006690500000
1499413419,291151.000000000000,0.030309500000
1499413424,291151.000000000000,0.001013450000
1499413445,291151.000000000000,0.005657440000
1499413535,291151.000000000000,0.002781690000
1499413535,291151.000000000000,0.033856920000
1499413603,290940.000000000000,0.001819780000
1499413608,290940.000000000000,0.002893580000
1499413649,290940.000000000000,0.001111410000
1499413656,290940.000000000000,0.003434340000
1499413688,290940.000000000000,0.003310650000
1499413694,290940.000000000000,0.003310650000
1499413706,290940.000000000000,0.003309730000
1499413712,290940.000000000000,0.030809860000
1499414400,291848.000000000000,0.009387680000
1499414521,291848.000000000000,0.000612320000
1499414685,291064.900000000000,0.006044230000
1499414685,290868.000000000000,0.001000000000
1499414750,290815.000000000000,0.043000000000
1499414756,290815.000000000000,0.043000000000
1499414756,290672.200000000000,0.013143140000
1499414756,290228.000000000000,0.001000000000
1499414756,290050.200000000000,1.420900000000
1499414761,290050.100000000000,0.122956860000
1499414780,290815.000000000000,0.003769850000
1499414790,290815.000000000000,0.001000000000
1499414937,290516.600000000000,0.003988450000
1499415078,290520.000000000000,0.046041680000
1499415078,290520.000000000000,0.003958320000
1499415078,290815.000000000000,0.038185920000
1499415317,291246.100000000000,0.004576110000
1499415343,291598.000000000000,0.049387680000
1499415365,291165.000000000000,0.005135700000
1499415387,291165.000000000000,0.000561560000
1499415480,291199.900000000000,0.018671420000
1499415609,290950.000000000000,0.002219260000
1499415657,290950.000000000000,0.029109320000
1499415848,291266.400000000000,0.003848690000
1499415873,291266.400000000000,0.002869960000
1499415919,292096.900000000000,0.090000000000
1499417466,292095.200000000000,0.101000000000
1499417466,292095.200000000000,0.100000000000
1499424533,291963.000000000000,0.074037850000
1499424642,292097.900000000000,0.050000000000
1499425291,291864.400000000000,0.148663050000
1499425291,291864.400000000000,0.001336950000
1499425360,291864.400000000000,0.150000000000
1499425422,291864.400000000000,0.150000000000
1499425507,291864.400000000000,0.070335950000
1499425522,291864.400000000000,0.150000000000
1499425588,291864.400000000000,0.150000000000
1499425651,291864.400000000000,0.066819160000
1499425659,291864.400000000000,0.150000000000
1499425774,291864.400000000000,0.150000000000
1499425775,291864.400000000000,0.063478200000
1499425861,291864.400000000000,0.060304290000
1499425942,291864.400000000000,0.057289070000
1499425995,291864.400000000000,0.133110280000
1499426002,291631.100000000000,0.001690020000
1499427866,291398.000000000000,0.003471740000
1499428607,290363.400000000000,0.102216450000
1499428607,290364.000000000000,0.054424620000
1499428849,290696.000000000000,0.018514700000
1499428906,291472.600000000000,0.051740300000
1499428906,291472.600000000000,0.053099710000
1499428907,291472.700000000000,0.053159990000
1499428997,290364.000000000000,0.001358930000
1499429014,290096.200000000000,0.040428660000
1499429026,290096.200000000000,0.110000000000
1499429026,290096.200000000000,0.019000000000
1499429026,290096.200000000000,0.161000000000
1499429032,290096.200000000000,0.034797280000
1499429032,290096.200000000000,0.300455920000
1499429047,290096.200000000000,0.310000000000
1499429054,290096.200000000000,0.003795040000
1499429054,290096.200000000000,0.270000000000
1499429069,290096.200000000000,0.003795040000
1499429183,290076.500000000000,0.018139840000
1499429222,290000.000000000000,0.001000000000
1499429643,291472.100000000000,0.126448290000
1499429643,291471.800000000000,0.019282870000
1499429643,290903.400000000000,0.002476880000
1499429643,290236.000000000000,0.050709710000
1499430851,290310.900000000000,0.001924780000
1499431191,288389.600000000000,0.006044240000
1499431212,288219.800000000000,0.001234330000
1499431315,289132.000000000000,0.013301950000
1499431321,290420.200000000000,0.005127730000
1499431321,289132.000000000000,0.034872270000
1499431508,288233.000000000000,0.037777130000
1499431524,288233.000000000000,0.007988380000
1499431750,288688.000000000000,0.001363760000
1499431769,288688.000000000000,0.001374500000
1499431788,288688.000000000000,0.010595500000
1499431824,288438.000000000000,0.030999990000
1499431851,288688.000000000000,0.009346900000
1499431851,288438.000000000000,0.019000010000
1499431859,288688.000000000000,0.001000000000
1499431871,288688.000000000000,0.019796580000
1499432119,288637.000000000000,0.031530390000
1499432138,288637.000000000000,0.007761850000
1499432146,288637.000000000000,0.002011130000
1499432349,289049.000000000000,0.028607940000
1499432358,289049.000000000000,0.010630270000
1499434094,288732.100000000000,0.004124140000
1499434473,289048.200000000000,0.001506310000
1499434500,288416.300000000000,0.002944760000
1499434551,287403.300000000000,0.003000000000
1499434575,287403.300000000000,0.003000000000
1499434593,287383.700000000000,0.001592840000
1499434609,287383.700000000000,0.001592840000
1499434629,287104.000000000000,0.288396720000
1499434646,287096.500000000000,0.001603280000
1499434706,287000.000000000000,0.300000000000
1499435110,286276.320000000000,0.010000000000
1499435182,288456.000000000000,0.006540160000
1499435182,288456.000000000000,0.006540160000
1499435392,289045.500000000000,0.001351380000
1499435398,286001.000000000000,3.988000000000
1499435398,289045.500000000000,0.000648620000
1499435398,286001.000000000000,0.046000000000
1499435407,286001.000000000000,0.002000000000
1499435414,286001.000000000000,0.150000000000
1499435420,286001.000000000000,3.097030840000
1499435420,286001.000000000000,0.160000000000
1499435420,286001.000000000000,0.001198280000
1499435420,286001.000000000000,0.133923980000
1499435420,286001.000000000000,0.140000000000
1499435420,286001.000000000000,0.001198280000
1499435420,286001.000000000000,0.150000000000
1499435420,286001.000000000000,0.130000000000
1499435474,288252.000000000000,0.003931400000
1499435497,288252.000000000000,0.001188920000
1499436156,288724.000000000000,0.002474240000
1499436221,288723.700000000000,0.004447930000
1499436232,288723.700000000000,0.001366400000
1499436238,288723.700000000000,0.025999990000
1499436278,288724.000000000000,0.023345220000
1499436450,289084.000000000000,0.002046740000
1499436607,289083.900000000000,0.101000000000
1499438399,288776.700000000000,0.011747930000
1499438426,288776.700000000000,0.002635110000
1499438714,288776.700000000000,0.118252070000
1499438741,288776.800000000000,0.003000000000
1499438899,288776.500000000000,0.130000000000
1499438983,288776.500000000000,0.100000000000
1499438993,288242.000000000000,0.100000000000
1499439008,288241.900000000000,0.080016970000
1499439039,288242.000000000000,0.059983030000
1499439039,288242.000000000000,0.100000000000
1499439042,288241.500000000000,0.000016970000
1499439042,288776.500000000000,0.080016970000
1499439058,288776.600000000000,0.019966060000
1499439271,288166.800000000000,0.100000000000
1499439271,288166.700000000000,0.002894450000
1499439974,287936.400000000000,0.001190120000
1499440135,287706.400000000000,0.001620410000
1499440223,286105.400000000000,0.059983030000
1499440223,286000.000000000000,0.521000000000
1499440223,286105.300000000000,0.005676590000
1499440252,285992.900000000000,0.013995000000
1499440274,285941.200000000000,0.006995000000
1499440310,285827.500000000000,0.061007380000
1499440325,285827.500000000000,0.040829950000
1499440337,285309.600000000000,0.058171120000
1499440342,285309.600000000000,0.041671840000
1499440345,285309.600000000000,0.150000000000
1499440348,285309.500000000000,0.117000000000
1499440354,285309.500000000000,0.058276710000
1499440360,285309.500000000000,0.005414820000
1499440360,285309.400000000000,0.064429580000
1499440365,285309.500000000000,0.190000000000
1499440421,285309.500000000000,0.098558580000
1499440421,285309.400000000000,0.051441420000
1499440445,285309.500000000000,0.001000000000
1499440462,285309.500000000000,0.232000000000
1499440507,285309.400000000000,0.150000000000
1499440538,285309.500000000000,0.579400000000
1499440545,285309.500000000000,0.251000000000
1499440545,285309.500000000000,0.130000000000
1499440564,285309.500000000000,0.150000000000
1499440575,285309.500000000000,0.253000000000
1499440608,285309.500000000000,0.277000000000
1499440638,285309.500000000000,0.150000000000
1499440647,285309.500000000000,0.786000000000
1499440702,285309.500000000000,0.299000000000
1499440702,285309.500000000000,0.150000000000
1499440757,285309.500000000000,0.274914870000
1499440757,285309.500000000000,0.024435020000
1499440920,285309.500000000000,0.003282990000
1499440993,285309.500000000000,0.001541990000
1499441307,286182.500000000000,0.001644750000
1499441419,286182.500000000000,0.030644750000
1499441419,286182.500000000000,0.149355250000
1499441440,286565.000000000000,0.002715590000
1499442126,286862.900000000000,0.001542830000
1499442314,287359.600000000000,0.002736330000
1499442534,287653.300000000000,0.001052100000
1499442736,287924.800000000000,0.002228570000
1499443131,288155.100000000000,0.002049950000
1499444202,288846.700000000000,0.001814650000
1499444800,288155.100000000000,0.010000000000
1499444852,288155.100000000000,0.048377510000
1499444868,288155.100000000000,0.039572540000
1499444883,287924.800000000000,0.097771430000
1499445148,288194.600000000000,0.001067200000
1499445207,288194.600000000000,0.010228570000
1499445222,288194.600000000000,0.002138350000
1499445242,288409.900000000000,0.001519240000
1499445285,288409.900000000000,0.002264610000
1499445295,288409.900000000000,0.004438190000
1499445507,288472.700000000000,0.013291080000
1499445507,288472.700000000000,0.015984000000
1499445526,288472.700000000000,0.005825520000
1499445542,288472.700000000000,0.003359140000
1499445552,288472.700000000000,0.003359140000
1499448018,288472.700000000000,0.001000000000
1499448258,288472.700000000000,0.022400000000
1499448258,288472.700000000000,0.009894690000
1499448261,288472.700000000000,0.022537160000
1499448277,288472.700000000000,0.002349270000
1499448716,288409.900000000000,0.091777960000
1499448716,288194.600000000000,0.086565880000
1499448716,288242.100000000000,0.007147240000
1499448716,287653.300000000000,0.098947900000
1499448716,288410.000000000000,0.025947330000
1499448720,287359.600000000000,0.265263670000
1499448720,287063.000000000000,0.276677690000
1499448720,285642.000000000000,0.312455650000
1499448720,286862.900000000000,0.181457170000
1499448720,286565.000000000000,0.097284410000
1499448720,287063.000000000000,0.066200000000
1499448861,288023.300000000000,0.012664360000
1499449011,288023.300000000000,0.001000000000
1499449130,288023.300000000000,0.001000000000
1499449250,288933.900000000000,0.006015640000
1499449278,288965.000000000000,0.010232900000
1499449849,288965.000000000000,0.089767100000
1499449849,288933.900000000000,0.093984360000
1499449918,288488.700000000000,0.000248540000
1499450089,288963.600000000000,0.003013900000
1499450209,288963.600000000000,0.047438760000
1499450221,288963.600000000000,0.047425490000
1499450226,288963.600000000000,0.002121850000
1499450349,288598.300000000000,0.001678650000
1499450354,288598.300000000000,0.000321350000
1499450354,289329.200000000000,0.096976000000
1499450373,289329.200000000000,0.002702650000
1499450384,289329.200000000000,0.003000000000
1499450403,288712.100000000000,0.001971280000
1499450403,288337.000000000000,0.247028720000
1499450403,289329.200000000000,0.097000000000
1499450418,288337.000000000000,0.001508460000
1499450430,288023.400000000000,0.240000000000
1499450433,288023.400000000000,0.110000000000
1499450433,288023.400000000000,0.180000000000
1499450442,288023.400000000000,0.180000000000
1499450502,289647.800000000000,0.008248220000
1499450509,289647.800000000000,0.037168940000
1499450509,289647.800000000000,0.054582840000
1499450780,288875.600000000000,0.004546490000
1499451490,289106.700000000000,0.002544860000
1499451490,289139.400000000000,0.095453510000
1499451591,289337.800000000000,0.001624470000
1499452076,289337.800000000000,0.098375530000
1499452324,289200.800000000000,0.100000000000
1499452353,289139.400000000000,0.002001630000
1499453199,288366.400000000000,0.002369880000
1499456110,288135.900000000000,0.001000000000
1499456190,288135.900000000000,0.001000000000
1499460277,288025.100000000000,0.110800000000
1499462043,288025.100000000000,0.022968400000
1499462048,288025.100000000000,0.170000000000
1499462680,288025.100000000000,0.160000000000
1499462963,288023.300000000000,0.144335640000
1499462963,288025.100000000000,0.944531600000
1499462963,288023.400000000000,0.036000000000
1499462963,288023.400000000000,0.380000000000
1499463589,287525.000000000000,0.133230720000
1499463589,287524.900000000000,0.086769280000
1499464944,286307.000000000000,0.001165050000
1499464954,286307.000000000000,0.001165050000
1499464958,286307.000000000000,0.001168370000
1499465454,285977.700000000000,0.001097600000
1499465594,285309.500000000000,0.002032550000
1499466206,285309.500000000000,0.039227600000
1499466206,285309.500000000000,0.031172400000
1499466403,285309.500000000000,0.068827600000
1499466424,285121.000000000000,0.100000000000
1499466434,285121.000000000000,0.050000000000
1499466608,285121.000000000000,0.000172400000
1499466720,285350.000000000000,0.187869280000
1499466868,285577.200000000000,0.002370890000
1499467001,285600.000000000000,0.010000000000
1499467001,285600.000000000000,10.000000000000
1499467016,285577.200000000000,0.097629110000
1499467050,285577.200000000000,0.156100000000
1499467065,285577.200000000000,0.006044230000
1499467071,285577.200000000000,9.850226660000
1499467112,285805.700000000000,0.024414980000
1499467212,285805.700000000000,0.001442390000
1499467329,285805.700000000000,0.154142630000
1499467329,285317.000000000000,0.018339870000
1499467329,285577.200000000000,0.207000000000
1499467494,285325.000000000000,0.001000000000
1499467523,285325.000000000000,0.210000000000
1499467599,285583.100000000000,0.003249290000
1499467893,285812.200000000000,0.005522360000
1499467921,285812.200000000000,0.094477640000
1499467973,285583.100000000000,0.096750710000
1499468204,285366.000000000000,0.216553750000
1499468271,284831.700000000000,0.099000000000
1499468271,285045.552000000000,0.010000000000
1499468271,285121.000000000000,0.201827600000
1499468271,285000.000000000000,0.196490000000
1499468291,284663.300000000000,2.771400000000
1499468386,284656.900000000000,0.004411720000
1499468394,284656.900000000000,0.130000000000
1499468444,285218.700000000000,0.005400250000
1499468587,285534.600000000000,0.002247280000
1499468705,285534.600000000000,0.002013950000
1499468741,285534.600000000000,0.002013950000
1499468747,285534.600000000000,0.002013950000
1499468957,285534.600000000000,0.133710870000
1499469033,285534.600000000000,0.100000000000
1499469055,285218.700000000000,0.094599750000
1499469073,285218.700000000000,0.192000000000
1499469126,285218.700000000000,0.150000000000
1499469185,285213.000000000000,0.206243930000
1499469185,285218.700000000000,0.100000000000
1499469197,285213.000000000000,0.150000000000
1499469258,285213.000000000000,0.004915070000
1499469262,285213.000000000000,0.140169860000
1499469262,285213.000000000000,0.004915070000
1499469288,284936.400000000000,0.006818730000
1499469332,285447.500000000000,0.029537740000
1499469751,285675.900000000000,0.001547180000
1499470150,286361.500000000000,0.002593840000
1499470933,286590.600000000000,0.001611240000
1499473118,286590.600000000000,0.098388760000
1499473897,286361.500000000000,0.097406160000
1499473897,286238.000000000000,0.090071710000
1499473897,286361.500000000000,0.016522130000
1499473911,286361.500000000000,0.034198000000
1499474192,286590.600000000000,0.001626130000
1499474221,286590.600000000000,0.098373870000
1499474221,285970.000000000000,0.014195070000
1499474221,286132.600000000000,0.001631060000
1499474221,286590.600000000000,0.076800000000
1499474870,286656.300000000000,0.001704110000
1499475135,286914.400000000000,0.001826240000
1499475222,286700.000000000000,0.030826240000
1499475222,286915.400000000000,0.010000000000
1499475222,286914.400000000000,0.098173760000
1499475296,286700.000000000000,0.210000000000
1499475390,286961.300000000000,0.006751210000
1499475415,286961.300000000000,0.093248790000
1499475419,286700.000000000000,0.085000000000
1499475538,286700.000000000000,1.674173760000
1499475538,286700.000000000000,0.060400000000
1499475538,286701.000000000000,0.010000000000
1499475587,286656.300000000000,0.098295890000
1499475632,286728.000000000000,0.100000000000
1499475687,286656.200000000000,0.000177000000
1499476211,286427.100000000000,0.001634820000
1499476281,285675.900000000000,0.098452820000
1499476281,285759.000000000000,0.191451700000
1499476493,286700.200000000000,0.110000000000
1499476493,286700.200000000000,0.350000000000
1499476501,286700.200000000000,0.110000000000
1499476509,286700.200000000000,0.031382020000
1499476513,286700.200000000000,0.034843410000
1499476513,286700.200000000000,0.220898000000
1499476520,286700.200000000000,0.240000000000
1499476520,286700.200000000000,0.070000000000
1499476532,286700.200000000000,0.031363490000
1499476532,286700.200000000000,0.031373240000
1499476559,286700.200000000000,0.026962470000
1499476567,286700.200000000000,0.018028980000
1499476573,286700.200000000000,0.026954930000
1499476595,286700.200000000000,0.006030410000
1499476595,286700.200000000000,0.026949880000
1499476605,286700.200000000000,0.087438160000
1499476626,286700.200000000000,0.026933110000
1499476678,286700.200000000000,0.092000000000
1499476718,288025.100000000000,0.128000000000
1499476732,288025.100000000000,0.022000000000
1499476762,287440.500000000000,0.200000000000
1499476920,286718.800000000000,0.025726040000
1499476924,286718.800000000000,0.005000000000
1499476929,286718.800000000000,0.001432290000
1499476938,286560.500000000000,0.067871520000
1499476955,286560.500000000000,0.117000000000
1499476985,286539.100000000000,0.007340940000
1499476991,286430.300000000000,0.000659060000
1499477011,286408.100000000000,0.007624140000
1499477042,285837.000000000000,0.182324400000
1499477073,285837.000000000000,0.000675600000
1499477073,285837.000000000000,0.176324400000
1499477097,285837.000000000000,0.006675600000
1499477108,285837.000000000000,0.000675600000
1499477346,285837.000000000000,0.143367510000
1499477346,285837.000000000000,0.028281290000
1499477346,285537.000000000000,0.058632490000
1499477436,286718.700000000000,0.001000000000
1499477588,285470.000000000000,0.100000000000
1499477826,285329.000000000000,0.166074200000
1499477826,285447.500000000000,0.070462260000
1499477834,285000.000000000000,0.002463540000
1499477845,286718.800000000000,0.090000000000
1499478503,286489.600000000000,0.002129580000
1499478587,285000.000000000000,0.040905850000
1499478602,285000.000000000000,0.018619850000
1499478776,285615.400000000000,0.003071870000
1499478990,286104.300000000000,0.005372860000
1499479004,286104.300000000000,0.094627140000
1499479056,285967.500000000000,0.091261360000
1499479056,285615.400000000000,0.008738640000
1499479056,285967.500000000000,0.008738640000
1499479082,285661.500000000000,0.142893430000
1499479082,285615.400000000000,0.014106570000
1499479159,285615.400000000000,0.026996030000
1499479167,285615.400000000000,0.073086890000
1499479167,285615.400000000000,0.001000000000
1499479167,285615.400000000000,0.016032890000
1499479171,285000.000000000000,0.138220770000
1499479171,285122.500000000000,0.011812120000
1499479171,285615.400000000000,0.024967110000
1499479178,285615.400000000000,0.043300000000
1499479190,285487.000000000000,0.014000000000
1499479190,285487.000000000000,0.021300120000
1499479215,285841.500000000000,10.951000000000
1499479215,285615.400000000000,0.045856000000
1499479236,286090.300000000000,0.001644210000
1499479245,286090.300000000000,0.053551570000
1499479265,286090.300000000000,0.019988840000
1499479281,286090.300000000000,0.019975460000
1499479355,286208.800000000000,0.031546180000
1499479377,286208.800000000000,0.001000000000
1499479418,286208.800000000000,0.001000000000
1499480089,286462.000000000000,0.003073500000
1499480190,286462.000000000000,0.096926500000
1499480204,285521.000000000000,0.148594150000
1499480204,286208.800000000000,0.066453820000
1499480204,285523.500000000000,0.002112110000
1499480204,286090.300000000000,0.004839920000
1499480224,284936.400000000000,0.085316790000
1499480224,285000.000000000000,0.065789990000
1499480224,285521.000000000000,0.007893220000
1499480273,284866.200000000000,0.099000000000
1499480273,284936.400000000000,0.031700000000
1499480273,284936.400000000000,0.006864480000
1499480347,285323.000000000000,0.103000000000
1499480356,285323.000000000000,0.021435520000
1499480454,284866.200000000000,0.157000000000
1499480488,285323.000000000000,0.090000000000
1499480507,285323.000000000000,0.001000000000
1499480549,285727.800000000000,0.100000000000
1499480573,285727.800000000000,0.003000000000
1499480575,285727.800000000000,0.003000000000
1499480630,285727.900000000000,0.016340080000
1499480656,285727.800000000000,0.070340080000
1499480656,285727.900000000000,0.091659920000
1499480684,285727.800000000000,0.023659920000
1499480696,285323.000000000000,0.138340080000
1499481106,285391.000000000000,0.001000000000
1499481541,287301.300000000000,0.003913860000
1499481549,287301.300000000000,0.000086140000
1499481549,287301.300000000000,0.003999990000
1499481572,287040.300000000000,0.350000000000
1499481572,287040.300000000000,0.150000000000
1499481576,286930.900000000000,0.013912880000
1499481582,286930.900000000000,0.013952160000
1499481627,286930.900000000000,0.004493100000
1499481692,287632.000000000000,0.002622470000
1499481698,287632.000000000000,0.002622470000
1499481827,286907.000000000000,0.017057450000
1499481870,287058.700000000000,0.001546320000
1499481887,287631.900000000000,0.019073080000
1499481905,287631.900000000000,0.021825250000
1499481933,287631.900000000000,0.004101670000
1499481942,287631.900000000000,0.000898330000
1499481955,286873.200000000000,0.000101670000
1499482047,287428.200000000000,0.008822570000
1499482054,287428.200000000000,0.000177420000
1499482057,286918.300000000000,0.008999990000
1499482069,286873.200000000000,0.000898330000
1499482069,287428.200000000000,0.009000000000
1499482094,286856.500000000000,0.024781340000
1499482262,286365.900000000000,0.001000000000
1499482356,287330.600000000000,0.011073320000
1499482363,287330.600000000000,0.000926680000
1499482487,286244.400000000000,0.002000000000
1499482487,285908.600000000000,0.008112590000
1499482487,285472.000000000000,0.132396540000
1499482530,284866.200000000000,0.001490870000
1499482558,284866.200000000000,0.160000000000
1499482580,284866.200000000000,0.016509130000
1499482585,284866.200000000000,0.021090990000
1499482585,284866.200000000000,0.105000000000
1499482606,284656.900000000000,0.015588280000
1499482606,284656.900000000000,0.099000000000
1499482610,283667.000000000000,0.378272990000
1499482630,284656.800000000000,0.000411720000
1499482630,284656.900000000000,0.000411720000
1499482634,285502.200000000000,0.000727010000
1499482672,285502.200000000000,0.098549550000
1499482717,285502.200000000000,0.098999990000
1499482717,285502.200000000000,0.000450450000
1499482725,284974.000000000000,0.102190700000
1499482725,285502.200000000000,0.000549560000
1499482783,284142.700000000000,0.000259740000
1499482852,285054.000000000000,0.050000000000
1499482855,285054.000000000000,0.047332230000
1499482859,284568.200000000000,0.007619220000
1499482880,285053.900000000000,0.106000000000
1499482884,285053.900000000000,0.008000010000
1499482906,285054.000000000000,0.098000020000
1499482912,285054.000000000000,0.050000000000
1499482919,285054.000000000000,0.114999980000
1499482924,285053.900000000000,0.026999990000
1499482946,283667.000000000000,0.402076930000
1499482949,285053.700000000000,0.079000010000
1499482949,285053.900000000000,0.027000010000
1499482949,285053.800000000000,0.148000020000
1499482962,285669.000000000000,0.138294170000
1499482967,285669.000000000000,0.107705790000
1499482972,285174.000000000000,0.092703450000
1499482988,283667.100000000000,0.062484740000
1499482988,283762.000000000000,0.278110360000
1499483042,285054.000000000000,0.012126930000
1499483042,285054.000000000000,0.063000000000
1499483042,285054.000000000000,0.102000000000
1499483053,283760.000000000000,0.073800000000
1499483072,285053.900000000000,0.108296550000
1499483076,285053.900000000000,0.033703450000
1499483088,283760.200000000000,0.150000000000
1499483107,283760.200000000000,0.126296550000
1499483179,284975.000000000000,0.096943150000
1499483179,284975.000000000000,0.068056850000
1499483270,284512.700000000000,0.006001140000
1499483297,285006.000000000000,0.022216370000
1499483302,285006.000000000000,0.023641320000
1499483316,285006.000000000000,0.012962370000
1499483316,285006.000000000000,0.000037630000
1499483551,287582.800000000000,0.022903670000
1499483551,285756.700000000000,0.007096330000
1499484015,286525.400000000000,0.001910640000
1499484021,286525.400000000000,0.001910640000
1499484210,286525.400000000000,0.003641500000
1499484222,286525.400000000000,0.003287470000
1499484578,285795.100000000000,0.130000000000
1499484932,286665.300000000000,0.003547010000
1499484941,286665.300000000000,0.000447990000
1499485959,286912.100000000000,0.001716290000
1499486089,286915.400000000000,0.001757220000
1499486113,286915.400000000000,0.000237780000
1499486785,286912.100000000000,0.000278710000
1499487121,287141.500000000000,0.100000000000
1499487134,285856.000000000000,0.008296550000
1499487155,287141.600000000000,0.008780610000
1499487385,287830.700000000000,0.002039140000
1499488439,287830.900000000000,0.006556810000
1499488466,287830.900000000000,0.130000000000
1499488503,287830.900000000000,0.100000000000
1499488700,287830.900000000000,0.330000000000
1499488702,287830.900000000000,0.330000000000
1499488730,287830.700000000000,0.097960860000
1499488730,287830.700000000000,0.100000000000
1499488770,287600.800000000000,0.001268260000
1499488866,287141.800000000000,0.100000000000
1499488875,287141.700000000000,0.251731740000
1499488888,287141.800000000000,0.100000000000
1499488900,287141.800000000000,0.009166240000
1499488934,287141.800000000000,0.006028560000
1499488947,287141.800000000000,0.006028560000
1499488950,287141.800000000000,0.108805200000
1499488950,286856.000000000000,0.061739260000
1499488950,287141.800000000000,0.092194800000
1499488950,287141.600000000000,0.091219390000
1499488950,287141.800000000000,0.048776640000
1499488996,287141.800000000000,0.100000000000
1499488996,287141.700000000000,0.007264710000
1499489000,287478.600000000000,0.000735290000
1499489000,286856.000000000000,0.006529420000
1499489022,286856.000000000000,0.003729130000
1499489028,286856.000000000000,0.035140130000
1499489040,286856.000000000000,0.050078320000
1499489055,286977.000000000000,0.050158000000
1499489062,286977.000000000000,0.008626590000
1499489064,286856.100000000000,0.067000000000
1499489065,286856.100000000000,0.162000000000
1499489071,287371.500000000000,0.003149840000
1499489071,286977.000000000000,0.008999990000
1499489081,286977.000000000000,0.041023630000
1499489092,286977.000000000000,0.040887510000
1499489095,286977.000000000000,0.169911140000
1499489095,286977.000000000000,0.130088860000
1499489101,286856.000000000000,0.033887360000
1499489107,287798.500000000000,0.244000000000
1499489107,287870.000000000000,0.243999450000
1499489110,286856.100000000000,0.329670000000
1499489113,287973.000000000000,0.050000000000
1499489134,286856.000000000000,0.050000000000
1499489138,287973.000000000000,0.210000000000
1499489138,287973.000000000000,0.110000000000
1499489138,287973.000000000000,0.487999410000
1499489138,287973.000000000000,0.139700000000
1499489138,287329.600000000000,0.001520830000
1499489138,286856.100000000000,0.058722940000
1499489141,288012.400000000000,0.006771030000
1499489155,286856.000000000000,0.006635640000
1499489165,286619.400000000000,0.003514530000
1499489170,286856.100000000000,0.055484670000
1499489170,286619.400000000000,0.000485470000
1499489182,286856.100000000000,0.408900000000
1499489186,286856.100000000000,0.717395020000
1499489194,286856.100000000000,0.110000000000
1499489340,287085.500000000000,0.001290210000
1499489878,287774.500000000000,0.002163370000
1499490010,288044.300000000000,0.005105400000
1499490240,289287.800000000000,0.004426750000
1499490366,290000.000000000000,0.001000000000
1499490494,289711.900000000000,0.008014120000
1499490628,291610.200000000000,0.676912050000
1499490628,289764.000000000000,0.284048490000
1499490795,289711.900000000000,0.000985880000
1499491503,289704.000000000000,0.007590920000
1499491740,289101.400000000000,0.002227690000
1499492028,288606.900000000000,0.001000000000
1499492810,288044.300000000000,0.005828680000
1499493143,288646.200000000000,0.002025950000
1499493275,289013.500000000000,0.002920160000
1499493284,289101.400000000000,0.036772310000
1499493284,289491.000000000000,0.140000000000
1499493284,289491.000000000000,0.100227690000
1499493361,288932.700000000000,0.002638850000
1499493414,289511.000000000000,0.200000000000
1499493420,289511.000000000000,0.057455130000
1499493494,289711.900000000000,0.004934340000
1499493505,289711.900000000000,0.030079780000
1499493516,289218.000000000000,0.013193340000
1499493516,289218.000000000000,0.070394320000
1499493517,289854.300000000000,0.006441240000
1499493517,289218.000000000000,0.160994720000
1499493517,290453.300000000000,0.029564040000
1499493559,290453.300000000000,0.001000000000
1499493575,290453.300000000000,0.180000000000
1499493621,289282.000000000000,0.020639150000
1499493633,289282.000000000000,0.020695830000
1499494416,288838.500000000000,0.006299580000
1499494537,288044.300000000000,0.089065920000
1499494730,287774.500000000000,0.105836630000
1499495016,287430.700000000000,0.007117580000
1499495201,287722.500000000000,0.002448260000
1499495241,287722.500000000000,0.001036040000
1499495250,287722.500000000000,0.000963960000
1499495339,287443.600000000000,0.250000000000
1499495384,288552.800000000000,0.063000000000
1499495420,287396.100000000000,0.004116010000
1499495454,287217.800000000000,0.037792800000
1499495454,287217.800000000000,0.037760420000
1499495507,288400.000000000000,0.113000000000
1499495628,287159.700000000000,0.111793590000
1499496631,286378.000000000000,0.110543310000
1499496730,286635.000000000000,0.000160000000
1499496986,287005.500000000000,0.003555190000
1499497007,287005.500000000000,0.014589880000
1499497149,287005.500000000000,0.081854930000
1499498017,287464.700000000000,0.002444700000
1499499378,287600.000000000000,0.140000000000
1499499466,287600.000000000000,0.150000000000
1499501656,287464.700000000000,0.011220490000
1499501682,287464.700000000000,0.011251090000
1499501892,287924.600000000000,0.001164350000
1499501907,289038.800000000000,0.111396540000
1499501918,289038.800000000000,0.044000000000
1499501918,289038.800000000000,0.048500000000
1499501924,289038.800000000000,0.002218830000
1499501927,289038.800000000000,0.002227020000
1499501927,289038.800000000000,0.002218830000
1499501938,289038.800000000000,0.038274430000
1499501947,289038.800000000000,0.000725580000
1499501947,289038.800000000000,0.022232130000
1499501947,289038.800000000000,0.015316720000
1499502363,287464.700000000000,0.075083720000
1499502482,286566.000000000000,0.032504340000
1499502482,286656.800000000000,0.099000000000
1499502488,289038.700000000000,0.269159940000
1499502488,289038.600000000000,0.080840060000
1499506021,287876.200000000000,0.002713370000
1499506030,286871.000000000000,0.150000000000
1499506034,286871.000000000000,0.013798800000
1499506039,286871.000000000000,0.002273700000
1499506097,286871.000000000000,6.831214130000
1499506338,287535.300000000000,0.005582240000
1499507331,287905.000000000000,0.006870060000
1499508937,288606.700000000000,0.001163820000
1499509076,288927.500000000000,0.004473380000
1499511559,288927.500000000000,0.048886260000
1499511570,288927.500000000000,0.046640360000
1499511570,288927.500000000000,0.005267000000
1499511633,288927.500000000000,0.094733000000
1499511724,288628.500000000000,0.010103540000
1499511750,288628.500000000000,0.031735110000
1499511758,288628.500000000000,0.031735450000
1499511764,288628.500000000000,0.030654420000
1499511781,288628.500000000000,0.005875020000
1499511781,288606.700000000000,0.098836180000
1499511796,288606.700000000000,0.100000000000
1499511856,288606.600000000000,0.020000000000
1499511860,288606.700000000000,0.052288800000
1499511870,288606.700000000000,0.027711200000
1499511890,288606.700000000000,0.100000000000
1499511911,287905.000000000000,0.008835110000
1499511911,287905.000000000000,0.093129940000
1499511930,287905.000000000000,0.094865090000
1499511930,287905.000000000000,0.005134910000
1499512039,288354.000000000000,0.003664610000
1499512055,288028.000000000000,0.098719260000
1499512102,288028.000000000000,0.004280740000
1499512102,288253.800000000000,0.009082650000
1499512153,287847.000000000000,0.001626440000
1499512171,287847.000000000000,0.001626440000
1499512182,287847.000000000000,0.001608480000
1499512220,287736.900000000000,0.002235290000
1499512220,287847.000000000000,0.089114170000
1499512220,287535.300000000000,0.094417760000
1499512233,287535.300000000000,0.002232780000
1499512241,288319.400000000000,0.001875250000
1499512241,288319.300000000000,0.002232780000
1499512511,287983.100000000000,0.001000000000
1499512945,288310.700000000000,0.003328690000
1499512987,288310.700000000000,0.003425570000
1499515597,288563.500000000000,0.005139170000
1499515756,288786.500000000000,0.001570710000
1499515926,288808.000000000000,0.001345830000
1499516008,289000.000000000000,1.041500000000
1499516063,289187.000000000000,0.040000000000
1499517378,289427.200000000000,0.009250130000
1499519941,289658.700000000000,0.006600350000
1499520013,289853.700000000000,0.022662060000
1499520119,289853.700000000000,0.032821700000
1499520127,289853.700000000000,0.032818790000
1499520217,289853.700000000000,0.018608210000
1499520276,289853.700000000000,0.012068120000
1499520288,289853.700000000000,0.061021120000
1499520386,289622.000000000000,0.001992610000
1499520403,289622.000000000000,0.001296540000
1499520635,289365.400000000000,0.002003670000
1499521142,289109.600000000000,0.003881470000
1499521353,289361.400000000000,0.006794270000
1499521494,289361.400000000000,0.006284000000
1499521516,289578.900000000000,0.001534760000
1499522078,289578.900000000000,0.002866500000
1499522083,289578.900000000000,0.002866500000
1499522358,291339.000000000000,0.005248630000
1499522358,290273.900000000000,0.001342890000
1499523242,289578.900000000000,0.001390370000
1499523263,289578.900000000000,0.003170940000
1499523294,289361.400000000000,0.065658980000
1499523294,289362.300000000000,0.062170090000
1499523294,289578.900000000000,0.088170930000
1499523331,289361.400000000000,0.003225010000
1499523340,289361.400000000000,0.018037740000
1499523347,289134.000000000000,0.089717190000
1499523379,289048.600000000000,0.036125890000
1499523391,288563.500000000000,0.058004380000
1499523391,288735.400000000000,0.007566330000
1499523391,288786.500000000000,0.098429290000
1499523412,288563.500000000000,0.036856450000
1499523417,288310.700000000000,0.093245740000
1499523423,288310.700000000000,0.013754260000
1499523423,288563.500000000000,0.007153350000
1499523429,288563.500000000000,0.007109810000
1499523429,288563.500000000000,0.036999990000
1499523429,288563.500000000000,0.055990200000
1499523444,289133.900000000000,0.055990200000
1499523456,289157.000000000000,0.019282810000
1499523461,289157.000000000000,0.010116480000
1499523484,288781.300000000000,0.042409940000
1499523495,288117.100000000000,0.153148420000
1499523495,288781.300000000000,0.000851580000
1499523521,288117.200000000000,0.090340690000
1499523594,288118.000000000000,0.002031280000
1499523600,288964.200000000000,0.005804500000
1499523619,289117.000000000000,0.002031280000
1499523619,289117.000000000000,0.012504330000
1499523635,289117.000000000000,0.001956560000
1499523652,289117.000000000000,0.002031280000
1499523657,289117.000000000000,0.002024270000
1499523662,289117.000000000000,0.005912890000
1499523670,289117.000000000000,0.003578680000
1499523707,289117.100000000000,0.017467130000
1499523731,289117.100000000000,0.005912890000
1499523758,288409.300000000000,0.003178020000
1499523767,289117.100000000000,0.003207000000
1499523775,289117.200000000000,0.003000000000
1499523796,289556.000000000000,0.001455350000
1499523801,289556.000000000000,0.072600770000
1499523802,289556.000000000000,0.001000000000
1499523806,289556.000000000000,0.001453150000
1499523813,289556.000000000000,0.003029420000
1499523865,289764.500000000000,0.008539590000
1499523878,289871.300000000000,0.000460410000
1499523902,289953.000000000000,0.029797190000
1499523909,289953.000000000000,0.008915150000
1499523918,289953.000000000000,0.006900000000
1499523923,289953.000000000000,0.030000000000
1499523927,289953.000000000000,0.000084020000
1499523931,288517.000000000000,0.073773920000
1499523961,288985.900000000000,0.010300000000
1499524035,289785.000000000000,0.003415820000
1499524047,289785.000000000000,0.009996090000
1499524059,289785.000000000000,0.002232130000
1499524073,288985.900000000000,0.001904970000
1499524073,289785.000000000000,0.052839540000
1499524110,288985.900000000000,0.002000000000
1499524110,288985.900000000000,0.159000000000
1499524126,289209.200000000000,0.001951280000
1499524190,289930.000000000000,0.013321440000
1499524197,289930.000000000000,0.013321440000
1499524212,289930.000000000000,0.004181300000
1499524216,289930.000000000000,0.016187930000
1499524223,289930.000000000000,0.004181300000
1499524391,289781.000000000000,0.022218500000
1499524403,289781.000000000000,0.022218500000
1499524422,289781.000000000000,0.007016560000
1499524590,289650.100000000000,0.003513180000
1499524593,289650.100000000000,0.002856500000
1499524608,288541.000000000000,0.007244370000
1499524608,289650.000000000000,0.060208940000
1499524608,289650.100000000000,0.003630320000
1499524660,292098.000000000000,0.050000000000
1499524660,291614.000000000000,0.048309980000
1499524660,292098.000000000000,0.028668010000
1499524660,290202.500000000000,0.006523200000
1499524684,292316.000000000000,0.003181740000
1499524688,292316.000000000000,0.125863580000
1499524695,292316.000000000000,0.050000000000
1499524718,292316.000000000000,0.050000000000
1499524723,292316.000000000000,0.352453490000
1499526115,287538.000000000000,0.154700000000
1499526115,287537.000000000000,0.017004870000
1499527661,289399.600000000000,0.001290380000
1499527909,289263.000000000000,0.001167320000
1499529645,289711.500000000000,0.009322330000
1499529806,290042.200000000000,0.002900050000
1499530491,290042.200000000000,0.050000000000
1499530501,290042.200000000000,0.041258090000
1499530508,290042.200000000000,0.005841860000
1499530513,289711.500000000000,0.050000000000
1499530516,290042.200000000000,0.005377230000
1499533577,289711.500000000000,0.040677670000
1499533577,290042.200000000000,0.094622770000
1499533653,288192.000000000000,0.000699560000
1499533994,288635.600000000000,0.002799880000
1499534410,289123.100000000000,0.010412320000
1499534795,288720.000000000000,0.025927790000
1499534795,289123.100000000000,0.089587680000
1499534795,288635.600000000000,0.014484530000
1499534911,289443.600000000000,0.025172560000
1499534994,289443.600000000000,0.002209470000
1499535018,289443.600000000000,0.002216790000
1499535880,289443.600000000000,0.014085680000
1499535955,289443.600000000000,0.010547590000
1499535961,289443.600000000000,0.086767910000
1499535961,288857.000000000000,0.021232090000
1499535974,288857.000000000000,0.035977380000
1499536079,288250.000000000000,0.040962530000
1499536079,288563.300000000000,0.001321880000
1499536079,288635.600000000000,0.082715590000
1499536214,288592.500000000000,0.001908920000
1499536316,288287.000000000000,0.052482620000
1499536316,288592.500000000000,0.107091080000
1499536355,287928.500000000000,0.001426300000
1499536925,288541.300000000000,0.002478090000
1499537316,288738.000000000000,0.049958420000
1499537316,288541.300000000000,0.110041580000
1499538230,288819.200000000000,0.002458920000
1499538293,289253.500000000000,0.006015640000
1499538344,289327.300000000000,0.001453730000
1499539134,289327.300000000000,0.002378680000
1499539276,289327.300000000000,0.003039900000
1499539287,289327.300000000000,0.003047920000
1499539521,289327.300000000000,0.001427720000
1499539940,289821.800000000000,0.002418520000
1499540392,290053.700000000000,0.001680460000
1499542549,290285.700000000000,0.002262230000
1499544360,290982.400000000000,0.001291240000
1499545877,291680.800000000000,0.001673870000
1499546091,292155.000000000000,0.100000000000
1499546302,291872.100000000000,0.002106240000
1499548588,291173.300000000000,0.001645710000
1499551718,291406.200000000000,0.004775380000
1499552635,291642.800000000000,0.007024010000
1499552635,291872.100000000000,0.048893760000
1499552635,291723.900000000000,0.090000000000
1499552902,292153.800000000000,0.009154370000
1499554450,292387.500000000000,0.002503500000
1499554514,292416.400000000000,0.050000000000
1499554564,292387.500000000000,0.001242670000
1499554596,292500.000000000000,0.001000000000
1499554641,292560.000000000000,0.285043150000
1499555332,291859.500000000000,0.001448920000
1499558325,292093.000000000000,0.011625450000
1499558490,291626.200000000000,0.004801170000
1499558501,291626.200000000000,0.004801170000
1499558768,291859.500000000000,0.004860990000
1499559236,292886.800000000000,0.011779050000
1499560230,291188.000000000000,0.001087000000
1499560394,291024.200000000000,0.001923090000
1499560404,290794.000000000000,0.045935950000
1499560408,290794.000000000000,0.020365100000
1499560412,290054.000000000000,0.134272330000
1499560417,290794.000000000000,0.033000000000
1499560430,291188.000000000000,0.032243240000
1499560430,291024.200000000000,0.002000020000
1499560430,290794.000000000000,0.061231580000
1499560430,290794.000000000000,0.007310550000
1499560441,291457.700000000000,0.021000010000
1499560447,291457.700000000000,0.001430290000
1499560447,291521.000000000000,0.053236250000
1499560491,291521.000000000000,0.045333460000
1499560585,290796.000000000000,0.003428050000
1499560606,291709.000000000000,0.006174840000
1499560907,292857.000000000000,0.001194000000
1499560909,292857.000000000000,0.001194000000
1499560924,292857.000000000000,0.003164160000
1499560928,292857.000000000000,0.015831490000
1499560928,292857.000000000000,0.003164170000
1499560931,292857.000000000000,0.009452180000
1499561115,291837.300000000000,0.002833050000
1499561209,291411.500000000000,0.004167130000
1499561548,290668.000000000000,0.005378530000
1499561568,290668.000000000000,0.047664990000
1499561568,290656.000000000000,0.062918200000
1499561620,290053.700000000000,0.000416810000
1499561781,291076.700000000000,0.002569330000
1499562083,290582.600000000000,0.005850170000
1499562246,291470.500000000000,0.002490360000
1499563531,291721.100000000000,0.001981280000
1499563535,291721.100000000000,0.000681800000
1499563936,291470.500000000000,0.097509640000
1499563936,291471.600000000000,0.010000000000
1499563936,291472.600000000000,0.010000000000
1499563996,291228.600000000000,0.000490360000
1499564914,291460.500000000000,0.010000000000
1499564914,291461.500000000000,0.006015640000
1499564914,291461.600000000000,0.006776400000
1499565941,291694.800000000000,0.003776490000
1499566216,290996.400000000000,0.001940960000
1499566272,290053.700000000000,0.000230040000
1499566272,290053.700000000000,0.097902730000
1499566272,290585.000000000000,0.059867230000
1499566309,290585.000000000000,0.021130000000
1499566327,290585.000000000000,0.100000000000
1499566344,290548.000000000000,0.056964910000
1499566391,289821.800000000000,0.044307660000
1499566391,290464.000000000000,0.054203640000
1499566391,290532.700000000000,0.001488700000
1499566485,290862.500000000000,0.002308080000
1499566510,290996.400000000000,0.002000000000
1499567650,290996.400000000000,0.098000000000
1499567650,290862.500000000000,0.080000000000
1499569815,292025.000000000000,0.010000000000
1499569840,292025.000000000000,0.050150510000
1499569879,292026.000000000000,0.002302770000
1499570192,292026.000000000000,0.068339860000
1499570302,292026.000000000000,0.024153910000
1499570305,292026.000000000000,0.024296420000
1499570310,292026.000000000000,0.001977300000
1499570505,292026.000000000000,0.001935270000
1499570508,292026.000000000000,0.001935270000
1499570519,292026.000000000000,0.001940580000
1499570542,292274.700000000000,0.001041570000
1499570899,292508.500000000000,0.004300320000
1499574111,292976.500000000000,0.001007400000
1499574671,292742.300000000000,0.003701750000
1499574678,292742.300000000000,0.001601230000
1499574902,293210.700000000000,0.001126940000
1499574994,293210.700000000000,0.001126940000
1499575569,293445.300000000000,0.006827940000
1499575751,292742.300000000000,0.001382760000
1499576102,292976.500000000000,0.002039930000
1499576850,293856.000000000000,0.005639960000
1499577015,293583.800000000000,0.001835500000
1499577028,293583.800000000000,0.001233650000
1499577164,292568.400000000000,0.001530280000
1499577243,292880.900000000000,0.002000000000
1499577243,292880.900000000000,0.002000000000
1499577243,293284.000000000000,0.006000000000
1499577247,292880.900000000000,0.001723290000
1499577257,293284.000000000000,0.004000000000
1499577257,292880.900000000000,0.002000000000
1499577276,293004.000000000000,0.006000000000
1499577301,293004.000000000000,0.004000000000
1499577308,293212.100000000000,0.004000000000
1499577309,293192.100000000000,0.006000000000
1499577353,292508.500000000000,0.021210510000
1499577353,292508.500000000000,0.018590680000
1499577363,292508.500000000000,0.018699590000
1499577394,292508.500000000000,0.021210510000
1499577399,292508.500000000000,0.015988390000
1499577417,292274.700000000000,0.057999060000
1499577433,292508.500000000000,0.000340220000
1499577433,292508.500000000000,0.002659780000
1499577450,292274.700000000000,0.040959370000
1499577460,292508.500000000000,0.018327790000
1499577460,292274.700000000000,0.000040630000
1499577764,292026.000000000000,0.006291240000
1499577764,292217.900000000000,0.003708760000
1499577783,292026.000000000000,0.010000000000
1499579206,292025.000000000000,0.005172620000
1499579206,292026.000000000000,0.004827380000
1499579293,292025.000000000000,0.010000000000
1499579317,292025.000000000000,0.010000000000
1499579342,292025.000000000000,0.010000000000
1499579374,292025.000000000000,0.004676870000
1499579657,291725.000000000000,0.005323130000
1499580149,291491.800000000000,0.010000000000
1499580216,291491.800000000000,0.000766060000
1499580227,291491.800000000000,0.054233940000
1499580391,291258.800000000000,0.001641380000
1499580574,290862.500000000000,0.008372180000
1499580574,291026.200000000000,0.001627820000
1499580665,290862.500000000000,0.009319740000
1499581773,290563.000000000000,0.000680260000
1499582099,290862.000000000000,0.010000000000
1499582194,290862.000000000000,0.010000000000
1499582222,290862.000000000000,0.010000000000
1499582258,290862.000000000000,0.003699740000
1499582752,290562.000000000000,0.006300260000
1499582909,290794.400000000000,0.009536470000
1499587154,291026.200000000000,0.007114030000
1499587157,291026.200000000000,0.001169280000
1499587566,290793.600000000000,0.010000000000
1499588357,290329.100000000000,0.002225900000
1499588408,290029.000000000000,0.007774100000
1499589785,289797.200000000000,0.007301690000
1499591771,289497.000000000000,0.002698310000
1499591784,291296.000000000000,0.003396950000
1499591784,290202.000000000000,0.010000000000
1499593112,290135.500000000000,0.003480160000
1499598275,288663.000000000000,0.012320000000
1499599232,289836.000000000000,0.001820660000
1499599235,289836.000000000000,0.001820660000
1499599238,289836.000000000000,0.002878520000
1499599396,290135.000000000000,0.100000000000
1499599425,290135.000000000000,0.100000000000
1499599453,290135.000000000000,0.100000000000
1499601806,289836.000000000000,0.003982820000
1499602154,290067.900000000000,0.004530320000
1499602700,290300.000000000000,0.005580420000
1499605609,291461.200000000000,0.003327660000
1499605626,291514.000000000000,0.017435390000
1499605700,290300.000000000000,0.010000000000
1499605803,291296.000000000000,0.007270580000
1499605843,291281.000000000000,0.003883410000
1499605994,290300.000000000000,0.010000000000
1499606050,290300.000000000000,0.010000000000
1499606103,290300.000000000000,0.010000000000
1499606130,290300.000000000000,0.010000000000
1499606158,290300.000000000000,0.010000000000
1499606194,290300.000000000000,0.010000000000
1499606224,290300.000000000000,0.010000000000
1499606254,290300.000000000000,0.010000000000
1499606279,290300.000000000000,0.004419580000
1499606279,290067.900000000000,0.005580420000
1499606765,291184.000000000000,0.001909100000
1499606768,291184.000000000000,0.001911010000
1499606768,291184.000000000000,0.001911010000
1499607283,290927.600000000000,0.008210210000
1499607527,290628.000000000000,0.001789790000
1499607612,291160.300000000000,0.004835440000
1499607639,290860.000000000000,0.002049850000
1499607639,290860.000000000000,0.004009070000
1499607650,290860.000000000000,0.001908460000
1499607655,290860.000000000000,0.001032620000
1499607655,290860.000000000000,0.001000000000
1499607785,291184.000000000000,0.006647740000
1499607855,291184.000000000000,0.016333040000
1499607864,291184.000000000000,0.003069340000
1499607873,291184.000000000000,0.018949880000
1499607873,291281.000000000000,0.100050120000
1499607994,290951.200000000000,0.006933730000
1499607994,291184.000000000000,0.003066270000
1499608157,291281.000000000000,0.004066470000
1499608182,290981.000000000000,0.004926400000
1499608193,290981.000000000000,0.005073600000
1499608297,291184.000000000000,0.003621610000
1499608423,291184.000000000000,0.000378390000
1499608564,290884.000000000000,0.006647970000
1499609104,290884.000000000000,0.001029620000
1499609388,291611.000000000000,0.110055980000
1499609388,290884.000000000000,0.001944020000
1499609449,291611.000000000000,0.160000000000
1499611422,291377.900000000000,0.003913980000
1499613781,290071.000000000000,0.397273580000
1499613781,290912.400000000000,0.001566420000
1499614383,290325.500000000000,0.007913810000
1499620115,291377.900000000000,0.010805070000
1499620125,291377.900000000000,0.010805070000
1499620135,291377.900000000000,0.005826200000
1499621925,291377.900000000000,0.002095890000
1499623454,291377.900000000000,0.031553790000
1499624824,291145.000000000000,0.010000000000
1499624856,291145.000000000000,0.002167550000
1499625123,290447.900000000000,0.001092430000
1499625123,290325.500000000000,0.008907570000
1499625250,290325.500000000000,0.010000000000
1499625274,290325.500000000000,0.010000000000
1499628004,290325.500000000000,0.010000000000
1499628044,290325.500000000000,0.010000000000
1499628064,290325.500000000000,0.010000000000
1499628091,290325.500000000000,0.010000000000
1499628125,290325.500000000000,0.010000000000
1499628156,290325.500000000000,0.010000000000
1499628182,290067.900000000000,0.006821380000
1499628182,290325.500000000000,0.003178620000
1499630523,290300.000000000000,0.013741000000
1499631821,290300.000000000000,0.007148500000
1499632365,290300.000000000000,0.003862680000
1499632374,290845.000000000000,0.002276750000
1499632374,290323.200000000000,0.004848480000
1499632512,290300.000000000000,0.007125230000
1499632520,292999.600000000000,0.005686520000
1499632520,290532.200000000000,0.005225450000
1499632687,290300.000000000000,0.010897050000
1499632693,290845.000000000000,0.005555700000
1499632693,292999.700000000000,0.005222390000
1499632761,290300.000000000000,0.010764390000
1499632770,292999.400000000000,0.010612950000
1499632856,290300.000000000000,0.010585100000
1499632870,291723.000000000000,0.010506090000
1499632995,290300.000000000000,0.010374000000
1499634761,290300.000000000000,0.010000000000
1499634764,290300.000000000000,0.002510820000
1499634811,290300.000000000000,0.010000000000
1499634876,290067.900000000000,0.007008770000
1499634876,290300.000000000000,0.002991230000
1499634968,290532.200000000000,0.010177370000
1499635209,290067.900000000000,0.010000000000
1499635248,290067.900000000000,0.010000000000
1499635261,290067.900000000000,0.010000000000
1499635290,290067.900000000000,0.010000000000
1499635680,290067.900000000000,0.010000000000
1499635744,290067.900000000000,0.010000000000
1499635799,290067.900000000000,0.010000000000
1499635826,290067.900000000000,0.006059110000
1499635827,289836.000000000000,0.003940890000
1499636778,290067.900000000000,0.001771620000
